@incollection{chapters/01,author={Meredith Landman },title={{Nominal Quantification in Kipsigis}},booktitle={{Change title of edited volume in localmetadata.tex}},editor={change editor in localmetadata.tex},publisher={Language Science Press.},Address={Berlin},year=2017,pages={1--16},doi={??},options={skipbib=true}}
@incollection{chapters/02,author={change editor in localmetadata.tex},title={{Change title of edited volume in localmetadata.tex}},booktitle={{Change title of edited volume in localmetadata.tex}},editor={change editor in localmetadata.tex},publisher={Language Science Press.},Address={Berlin},year=2017,pages={1--16},doi={??},options={skipbib=true}}
@incollection{chapters/03,author={change editor in localmetadata.tex},title={{Change title of edited volume in localmetadata.tex}},booktitle={{Change title of edited volume in localmetadata.tex}},editor={change editor in localmetadata.tex},publisher={Language Science Press.},Address={Berlin},year=2017,pages={1--16},doi={??},options={skipbib=true}}
