% Encoding: UTF-8

@Book{Comrie1981,
  title     = {\textit{Language Universals and Linguistic Typology}},
  publisher = {Basil Blackwell},
  year      = {1981},
  author    = {Bernard Comrie},
  address   = {Oxford},
}

@Book{Meier1957,
  title     = {\textit{Toastbrot}},
  publisher = {Mouton},
  year      = {1957},
  author    = {Meier, Hans and Ćircovac, Damir},
  address   = {The Hague},
}

@Article{Abraham1991a,
  author  = {Werner Abraham},
  title   = {{{Maria Thurmair \textit{Modalpartikeln und ihre Kombinationen}}}},
  journal = {\textit{Linguistics}},
  year    = {1991},
  volume  = {29},
  pages   = {103-122},
}

@InCollection{Abraham1991b,
  author       = {Werner Abraham},
  title        = {The grammaticalization of the German modal particles},
  booktitle    = {\textit{Grammaticalization}},
  publisher    = {Benjamins},
  year         = {1991},
  editor       = {Elisabeth Closs Traugott and Bernd Heine},
  volume       = {2},
  pages        = {331–380},
  address      = {Amsterdam},
  booksubtitle = {Grammaticalisation},
}

@Book{Averintseva-Klisch2013,
  title     = {\textit{Textkohärenz}},
  publisher = {Universitätsverlag Winter},
  year      = {2013},
  author    = {Maria Averintseva-Klisch},
  address   = {Heidelberg},
}

@PhdThesis{Antomo2015,
  author  = {Mailin Antomo},
  title   = {\textit{Abhängige Sätze in einem fragebasierten Diskursmodell}},
  school  = {Georg-August-Universität Göttingen},
  year    = {2015 [2012]},
  address = {Göttingen},
  url     = {http://ediss.uni-goettingen.de/bitstream/handle/11858/00-1735-0000-0022-5D89-5/Dissertation%20Antomo.pdf?sequence=1},
}

@Article{Back1995,
  author  = {Michael Back},
  title   = {{{Ich weiß nicht, was soll \textit{Es} bedeuten. Zur Frage subjektloser Sätze im Deutschen und anderswo}}},
  journal = {\textit{Deutsche Sprache}},
  year    = {1995},
  volume  = {2},
  pages   = {147-177},
}

@Article{Becker1978,
  author  = {Rita Becker},
  title   = {{{Oberflächenstrukturelle Unterschiede zwischen restriktiven und nichtrestriktiven Relativsätzen im Deutschen}}},
  journal = {\textit{Kölner Linguistische Arbeiten Germanistik}},
  year    = {1978},
  volume  = {4},
  pages   = {1-12},
}

@Article{Kueper1991,
  author  = {Christoph Küper},
  title   = {{{Geht die Nebensatzstellung im Deutschen verloren? – Zur pragmatischen Funktion der Wortstellung in Haupt- und Nebensätzen}}},
  journal = {\textit{Deutsche Sprache}},
  year    = {1991},
  volume  = {19},
  pages   = {133-158},
}

@Article{Abraham1995,
  author  = {Werner Abraham},
  title   = {{{Wieso stehen nicht alle Modalpartikel in allen Satzformen? Die Nullhypothese.}}},
  journal = {\textit{Deutsche Sprache}},
  year    = {1995},
  volume  = {23/2},
  pages   = {124–146},
}

@Article{Abraham2012,
  author  = {Werner Abraham},
  title   = {{{Sprecherdeixis und Merkmaldistributionsdifferential deutscher Modalitätselemente}}},
  journal = {\textit{Deutsche Sprache}},
  year    = {2012},
  volume  = {40},
  pages   = {72-95},
}

@InCollection{Aijmer1997,
  author    = {Karin Aijmer},
  title     = {\textit{I think} – an {English} modal particle},
  booktitle = {\textit{Modality in Germanic Languages: Historical and Comparative Perspectives}},
  publisher = {Mouton de Gruyter},
  year      = {1997},
  editor    = {Toril Swan and Olaf Jansen Westwik},
  pages     = {1–47},
  address   = {Berlin},
}

@InCollection{Albrecht1977,
  author    = {Jörn Albrecht},
  title     = {{{Wie übersetzt man eigentlich \textit{eigentlich}?}}},
  booktitle = {\textit{Aspekte der Modalpartikeln. Studien zur deutschen Abtönung}},
  publisher = {Niemeyer},
  year      = {1977},
  editor    = {Harald Weydt},
  pages     = {19–37},
  address   = {Tübingen},
}

@Article{Altmann1984,
  author  = {Hans Altmann},
  title   = {{{Linguistische Aspekte der Intonation am Beispiel Satzmodus}}},
  journal = {\textit{Forschungsberichte des Instituts für Phonetik und sprachliche Kommunikation der Universität München} (FIPKM)},
  year    = {1984},
  volume  = {19},
  pages   = {130–152},
}

@InCollection{Altmann1987,
  author    = {Hans Altmann},
  title     = {{{Zur Problematik der Konstitution von Satzmodi als Formtypen}}},
  booktitle = {\textit{Satzmodus zwischen Grammatik und Pragmatik. Referate anläßlich der 8. Jahrestagung der Deutschen Gesellschaft für Sprachwissenschaft, Heidelberg 1986}},
  publisher = {Niemeyer},
  year      = {1987},
  editor    = {Jörg Meibauer},
  pages     = {22–56},
  address   = {Tübingen},
}

@Book{Baayen2008,
  title     = {\textit{Analyzing Linguistic Data. A Practical Introduction to Statistics Using R}},
  publisher = {Cambridge University Press},
  year      = {2008},
  author    = {Rolf Harald Baayen},
  address   = {Cambridge},
}

@InCollection{Altmann1993,
  author    = {Hans Altmann},
  title     = {{{Satzmodus}}},
  booktitle = {\textit{Syntax. Ein internationales Handbuch zeitgenössischer Forschung}},
  publisher = {de Gruyter},
  year      = {1993},
  editor    = {Joachim Jacobs and Armin von Stechow and Wolfgang Sternefeld and Theo Vennemann},
  volume    = {1},
  pages     = {1006–1029},
  address   = {Berlin},
}

@InCollection{Altmann2009,
  author    = {Hans Altmann},
  title     = {{{Cleft- und Pseudocleft-Sätze (Spalt- und Sperrsätze) im Deutschen}}},
  booktitle = {\textit{An der Grenze zwischen Grammatik und Pragmatik}},
  publisher = {Peter Lang},
  year      = {2009},
  editor    = {Rita Brdar-Szabo and Elisabeth Knipf-Komlósi and Attila Péteri},
  pages     = {13-34},
  address   = {Frankfurt am Main},
}

@Article{Amaral2007,
  author  = {Patricia Amaral and Craige Roberts and E. Allyn Smith},
  title   = {The review of \textit{The Logic of Conventional Implicatures by Christopher Potts}},
  journal = {\textit{Linguistics and Philosophy}},
  year    = {2007},
  volume  = {30/6},
  pages   = {707–749},
}

@Article{Antomo2010,
  author  = {Mailin Antomo and Markus Steinbach},
  title   = {{{Desintegration und Interpretation. \textit{Weil}-V2-Sätze an der Schnittstelle zwischen Syntax, Semantik und Pragmatik}}},
  journal = {\textit{Zeitschrift für Sprachwissenschaft}},
  year    = {2010},
  volume  = {29},
  pages   = {1-37},
}

@Article{Antomo2013,
  author  = {Mailin Antomo and Markus Steinbach},
  title   = {{{Zur Semantik von Konzessivsätzen mit \textit{obwohl}.}}},
  journal = {\textit{Linguistische Berichte}},
  year    = {2013},
  volume  = {236},
  pages   = {427–453},
}

@Article{Asher1991,
  author  = {Nicholas Asher and Michael Morreau},
  title   = {Commonsense entailment: A modal theory of nonmonotonic reasoning},
  journal = {\textit{Logics in AI. Lecture Notes in Computer Science}},
  year    = {1991},
  volume  = {478},
  pages   = {1–30},
}

@Article{Askedal1990,
  author  = {John Ole Askedal},
  title   = {{{Zur syntaktischen und referentiell-semantischen Ty\-pisierung der deutschen Pronominalform \textit{es}}}},
  journal = {\textit{Deutsch als Fremdsprache}},
  year    = {1990},
  volume  = {27},
  pages   = {213–224},
}

@InCollection{Askedal1993,
  author    = {John Ole Askedal},
  title     = {{{Über Arbitrarität und Ikonizität von Sprachzeichen}}},
  booktitle = {\textit{Von der Sprache zur Literatur. Motiviertheit im sprachlichen und im poetischen Kode}},
  publisher = {Stauffenburg},
  year      = {1993},
  editor    = {Christoph Küper},
  pages     = {13–22},
  address   = {Tübingen},
}

@InCollection{Askedal1995,
  author    = {John Ole Askedal},
  title     = {Iconicity in the basic serialization rules of modern German},
  booktitle = {\textit{Syntactic Iconicity and Linguistic Freezes}},
  publisher = {Mouton de Gruyter},
  year      = {1995},
  editor    = {Marge E. Landsberg},
  pages     = {13–30},
  address   = {Berlin and New York},
}

@Article{Auer1991,
  author  = {Peter Auer},
  title   = {{{Vom Ende deutscher Sätze – Rechtsexpansionen im deutschen Einfachsatz}}},
  journal = {\textit{Zeitschrift für germanistische Linguistik}},
  year    = {1991},
  volume  = {19/2},
  pages   = {139–157},
}

@Book{Austin1962,
  title     = {\textit{How to Do Things with Words}},
  publisher = {Clarendon},
  year      = {1962},
  author    = {John Langshaw Austin},
  address   = {Oxford},
}

@Book{Autenrieth2002,
  title     = {\textit{Heterosemie und Grammatikalisierung bei Modalpartikeln: {Eine} synchrone und diachrone Studie anhand von ‚eben‘, ‚halt‘, ‚e(cher)t‘, ‚einfach‘, ‚schlicht‘ und ‚glatt‘}},
  publisher = {Niemeyer},
  year      = {2002},
  author    = {Tanja Autenrieth},
  address   = {Tübingen},
}

@Article{Bache1980,
  author  = {Carl Bache and Leif Kvistgaard Jakobsen},
  title   = {On the distinction between restrictive and non-restrictive relative clauses in modern English},
  journal = {\textit{Lingua}},
  year    = {1980},
  volume  = {52},
  pages   = {243–267},
}

@Article{Baroni2009,
  author  = {Marco Baroni and Silvia Bernardini and Adriano Ferraresi and Eros Zanchetta},
  title   = {The WaCky wide web: A collection of very large linguistically processed web-crawled corpora},
  journal = {\textit{Language Resources and Evaluation}},
  year    = {2009},
  volume  = {43/3},
  pages   = {209–226},
}

@Article{Barr2013,
  author  = {Dale J. Barr and Roger Levy and Christoph Scheepers and Harry J. Tily},
  title   = {Random effects structure for confirmatory hypothesis testing: Keep it maximal},
  journal = {\textit{Journal of Memory and Language}},
  year    = {2013},
  volume  = {68/3},
  pages   = {255–278},
}

@Book{Bartels1999,
  title     = {\textit{The Intonation of English Statements and Questions: A Compositional Approach}},
  publisher = {Routledge},
  year      = {1999},
  author    = {Christine Bartels},
  address   = {New York and London},
}

@InCollection{Beyssade2006,
  author    = {Claire Beyssade and Jean-Marie Marandin},
  title     = {The speech act assignment problem revisited: Disentangling speaker’s commitment from speaker’s call on addressee},
  booktitle = {\textit{Empirical Issues in Syntax and Semantics 6}},
  year      = {2006},
  editor    = {Olivier Bonami and Patricia Cabredo Hofherr},
  number    = {6},
  pages     = {37–68},
  address   = {Paris},
  url       = {http://www.cssp.cnrs.fr/eiss6/beyssade-marandin-eiss6.pdf},
}

@Article{Bickel1995,
  author  = {Balthasar Bickel},
  title   = {Relatives à antécédent interne, nominalisation et focalisation: Entre syntaxe et morphologie en bélharien},
  journal = {\textit{Bulletin de la Société Linguistique de Paris}},
  year    = {1995},
  volume  = {90},
  pages   = {391-427},
}

@InCollection{Bierwisch1988,
  author    = {Manfred Bierwisch},
  title     = {On the grammar of local prepositions},
  booktitle = {\textit{Syntax, Semantik und Lexikon}},
  publisher = {Akademie Verlag},
  year      = {1988},
  editor    = {Manfred Bierwisch and Wolfgang Motsch and Ilse Zimmermann},
  pages     = {1-65},
  address   = {Berlin},
}

@PhdThesis{Bobaljik1995,
  author  = {Jonathan David Bobaljik},
  title   = {\textit{Morphosyntax: The Syntax of Verbal Inflection}},
  school  = {Massachusetts Institute of Technology},
  year    = {1995},
  address = {Cambridge},
}

@Book{Birkner2008,
  title     = {\textit{Relativ(satz)konstruktionen im gesprochenen Deutsch. Syntaktische, prosodische, semantische und pragmatische Aspekte}},
  publisher = {de Gruyter},
  year      = {2008},
  author    = {Karin Birkner},
  address   = {Berlin and New York},
}

@Article{Bluehdorn2007,
  author  = {Hardarik Blühdorn},
  title   = {{{Zur Struktur und Interpretation von Relativsätzen}}},
  journal = {\textit{Deutsche Sprache}},
  year    = {2007},
  volume  = {4},
  pages   = {287–314},
}

@Article{Bobaljik2012,
  author  = {Jonathan David Bobaljik and Susi Wurmbrand},
  title   = {Word order and scope: Transparent interfaces and the 3/4 signature},
  journal = {\textit{Linguistic Inquiry}},
  year    = {2012},
  volume  = {43/3},
  pages   = {371–421},
}

@InCollection{Bluehdorn2008,
  author    = {Hardarik Blühdorn},
  title     = {{{Epistemische Lesarten von Satzkonnektoren – Wie sie zustande kommen und wie man sie erkennt}}},
  booktitle = {\textit{Semantik und Pragmatik – Schnittstellen}},
  publisher = {Peter Lang},
  year      = {2008},
  editor    = {Inge Pohl},
  pages     = {217-251},
  address   = {Frankfurt am Main},
}

@Article{Bluehdorn2014,
  author  = {Hardarik Blühdorn and Miriam Ravetto},
  title   = {{{Satzstruktur und adverbiale Subordination. Eine Studie zum Deutschen und zum Italienischen}}},
  journal = {\textit{Linguistik {Online}}},
  year    = {2014},
  volume  = {67},
  pages   = {3–44},
}

@Article{Bobaljik2002,
  author  = {Jonathan David Bobaljik},
  title   = {A-chains at the {PF}-interface: Copies and 'covert‘ movement},
  journal = {\textit{Natural Language and Linguistic Theory}},
  year    = {2002},
  volume  = {20/2},
  pages   = {197–267},
}

@Article{Bohn2011,
  author  = {Karen Bohn and Richard Wiese and Ulrike Domahs},
  title   = {The status of the rhythm rule within and across word boundaries in {German}},
  journal = {\textit{Proceedings of the 17th International Congress of Phonetic Sciences 2011. Hong Kong}},
  year    = {2011},
  pages   = {332–335},
}

@Book{Borst1985,
  title     = {\textit{Die affirmativen Modalpartikeln ‚doch‘, ‚ja‘ und ‚schon‘: Ihre Bedeutung, Funktion, Stellung und ihr Vorkommen}},
  publisher = {Niemeyer},
  year      = {1985},
  author    = {Dieter Borst},
  address   = {Tübingen},
}

@Article{Braber2010,
  author  = {Natalie Braber and Nicola McLelland},
  title   = {Combining modal particles in {German} and {Dutch}},
  journal = {\textit{Journal of Germanic Linguistics}},
  year    = {2010},
  volume  = {22/4},
  pages   = {461–482},
}

@Book{Brandt1990,
  title     = {\textit{Weiterführende Nebensätze: Zu ihrer Syntax, Semantik und Pragmatik}},
  publisher = {Almqvist \& Wiksell},
  year      = {1990},
  author    = {Margareta Brandt},
  address   = {Stockholm},
}

@Article{Brandt1992a,
  author  = {Margareta Brandt and Inger Rosengren},
  title   = {{{Zur Illokutionsstruktur von Texten}}},
  journal = {\textit{Zeitschrift für Literaturwissenschaft und Linguistik}},
  year    = {1992a},
  volume  = {22},
  pages   = {9–51},
}

@InCollection{Brandt1992b,
  author    = {Margareta Brandt and Marga Reis and Inger Rosengren and Ilse Zimmermann},
  title     = {{{Satztyp, Satzmodus und Illokution}}},
  booktitle = {\textit{Satz und Illokution}},
  publisher = {Niemeyer},
  year      = {1992b},
  editor    = {Inger Rosengren},
  pages     = {1-90},
  address   = {Tübingen},
}

@Article{Brandt1994,
  author  = {Margareta Brandt},
  title   = {{{Subordination und Parenthese als Mittel der Informationsstrukturierung in Texten}}},
  journal = {\textit{Arbeitsberichte ,,Sprache und Pragmatik", Germanistisches Institut der Universität Lund}},
  year    = {1994},
  volume  = {32},
  pages   = {1–37},
}

@InCollection{Breindl2006,
  author    = {Eva Breindl and Ulrich Hermann Waßner},
  title     = {{{Syndese und Asyndese. Konnektoren und andere Wegweiser für die Interpretation semantischer Relationen in Texten}}},
  booktitle = {\textit{Text – verstehen. Grammatik und darüber hinaus}},
  publisher = {de Gruyter},
  year      = {2006},
  editor    = {Hardarik Blühdorn and Eva Breindl and Ulrich Hermann Waßner},
  pages     = {46–70},
  address   = {Berlin and New York},
}

@Book{Bruenner1983,
  title     = {\textit{Studien zur Verwendung der Modalverben}},
  publisher = {Narr},
  year      = {1983},
  author    = {Gisela Brünner and Angelika Redder},
  address   = {Tübingen},
}

@Book{Bublitz1978,
  title     = {\textit{Ausdrucksweisen der Sprechereinstellung im Deutschen und Englischen. Untersuchungen zur Syntax, Semantik und Pragmatik der deutschen Modalpartikeln und Vergewisserungsfragen und ihrer englischen Entsprechungen}},
  publisher = {Niemeyer},
  year      = {1978},
  author    = {Wolfram Bublitz},
  address   = {Tübingen},
}

@Book{Buering1997,
  title     = {\textit{The Meaning of Topic and Focus – The 59th Street Bridge Accent}},
  publisher = {Routledge},
  year      = {1997},
  author    = {Daniel Büring},
  address   = {London},
}

@Article{Buering2003,
  author  = {Daniel Büring},
  title   = {On {D}-trees, beans, and {B}-accents},
  journal = {\textit{Linguistics and Philosophy}},
  year    = {2003},
  volume  = {26/5},
  pages   = {511–545},
}

@Article{Burkhardt1982,
  author  = {Armin Burkhardt},
  title   = {{{Abtönungspartikeln als Mittel des Vollzugs präsuppositionaler Akte. Zu Dittmanns und Rombouts’ Untersuchungen über die Abtönungsfunktion von \textit{auch}, \textit{denn} und \textit{doch}}}},
  journal = {\textit{Zeitschrift für germanistische Linguistik}},
  year    = {1982},
  volume  = {1},
  pages   = {85–112},
}

@Article{Burkhardt1995,
  author  = {Armin Burkhardt},
  title   = {{{Zur Übersetzbarkeit von Abtönungspartikeln. Am Beispiel von Hofmannsthals \textit{Der Schwierige}}}},
  journal = {\textit{Zeitschrift für germanistische Linguistik}},
  year    = {1995},
  volume  = {23},
  pages   = {172–201},
}

@Book{Buscha1983,
  title     = {\textit{Der Relativsatz}},
  publisher = {Verlag Enzyklopädie},
  year      = {1983},
  author    = {Annerose Buscha and Fritz Kempter},
  address   = {Leipzig},
}

@Book{Buscha1981[1971],
  title     = {\textit{Modalverben – {Zur} Theorie und Praxis des Deutschunterrichts für Ausländer}},
  publisher = {Verlag Enzyklopädie},
  year      = {1981 [1971]},
  author    = {Joachim Buscha and Gertraud Heinrich and Irene Zoch},
  address   = {Leipzig},
  edition   = {4},
}

@InCollection{Caponigro2007,
  author    = {Ivano Caponigro and Jon Sprouse},
  title     = {Rhetorical questions as questions},
  booktitle = {\textit{Proceedings of Sinn und Bedeutung 11}},
  publisher = {Universität Pompeu Fabra},
  year      = {2007},
  editor    = {Estela Puig Waldmüller},
  pages     = {121–133},
  address   = {Barcelona},
}

@Article{CastroviejoMiro2008,
  author  = {Elena Castroviejo Miró},
  title   = {Deconstructing exclamations},
  journal = {\textit{Catalan Journal of Linguistics}},
  year    = {2008},
  volume  = {7},
  pages   = {41–90},
}

@Book{Chernilovskaya2014,
  title     = {\textit{Exclamativity in Discourse: Exploring the Exclamative Speech Act from a Discourse Perspective}},
  publisher = {LOT Publications},
  year      = {2014},
  author    = {Anna Chernilovskaya},
  address   = {Utrecht},
}

@Book{Collins1991,
  title     = {\textit{Cleft and Pseudo-Cleft Constructions in English}},
  publisher = {Routledge},
  year      = {1991},
  author    = {Peter C. Collins},
  address   = {London},
}

@Book{Comrie1976,
  title     = {\textit{Aspect. An Introduction to the Study of Verbal Aspect and Related Problems}},
  publisher = {Cambridge University Press},
  year      = {1976},
  author    = {Bernard Comrie},
  address   = {Cambridge},
}

@InCollection{Coniglio2007,
  author    = {Marco Coniglio},
  title     = {{{Deutsche Modalpartikeln: {Ein} Vorschlag zu ihrer syntaktischen Analyse}}},
  booktitle = {\textit{Gesprochene Sprache und Partikeln}},
  publisher = {Peter Lang},
  year      = {2007},
  editor    = {Eva-Maria Thüne and Franca Ortu},
  pages     = {103–113},
  address   = {Frankfurt a. M.},
}

@Book{Coniglio2011,
  title     = {\textit{Die Syntax der deutschen Modalpartikeln: Ihre Distribution und Lizenzierung in Haupt- und Nebensätzen}},
  publisher = {Akademie-Verlag},
  year      = {2011},
  author    = {Marco Coniglio},
  address   = {Berlin},
}

@Article{Coniglio2012,
  author  = {Marco Coniglio},
  title   = {On {V1} declarative clauses in {Middle High German}},
  journal = {\textit{Linguistische Berichte}},
  year    = {2012},
  volume  = {229},
  pages   = {5–37},
}

@InCollection{Croft1995,
  author    = {William Croft},
  title     = {Modern syntactic typology},
  booktitle = {\textit{Approaches to Language Typology}},
  publisher = {Clarendon},
  year      = {1995},
  editor    = {Masayoshi Shibatani and Theodora Bynon},
  pages     = {85–144},
  address   = {Oxford},
}

@Article{Croft2008,
  author  = {William Croft},
  title   = {On iconicity of distance},
  journal = {\textit{Cognitive Linguistics}},
  year    = {2008},
  volume  = {19/1},
  pages   = {49–57},
}

@Book{Avis2001,
  title     = {\textit{Über ,w-Exklamativsätze‘ im Deutschen}},
  publisher = {Niemeyer},
  year      = {2001},
  author    = {Franz d’Avis},
  address   = {Tübingen},
}

@Book{Dahl1988,
  title     = {\textit{Die Abtönungspartikeln im Deutschen. Ausdrucksmittel für Sprechereinstellungen mit einem kontrastiven Teil deutsch-serbokroatisch}},
  publisher = {Groos},
  year      = {1988},
  author    = {Johannes Dahl},
  address   = {Heidelberg},
}

@Article{Vriendt1991,
  author  = {De Vriendt, Sera and Willy Vandeweghe and Van de Craen, Piet},
  title   = {Combinatorial aspects of modal particles in {Dutch}},
  journal = {\textit{Multilingua}},
  year    = {1991},
  volume  = {10.1/2},
  pages   = {43–59},
}

@Article{Diesing1997,
  author  = {Molly Diesing},
  title   = {Yiddish {VP} order and the typology of object movement in {Germanic}},
  journal = {\textit{Natural Language and Linguistic Theory}},
  year    = {1997},
  volume  = {15/2},
  pages   = {369–427},
}

@Article{Diessel2008,
  author  = {Holger Diessel},
  title   = {Iconicity of sequence. {A} corpus-based analysis of the positioning of temporal adverbial clauses in {English}},
  journal = {\textit{Cognitive Linguistics}},
  year    = {2008},
  volume  = {19},
  pages   = {457–482},
}

@Book{Dietrich1992,
  title     = {\textit{Modalität im Deutschen. Zur Theorie der relativen Modalität}},
  publisher = {Westdeutscher Verlag},
  year      = {1992},
  author    = {Rainer Dietrich},
  address   = {Opladen},
}

@Article{Diewald1993,
  author  = {Gabriele Diewald},
  title   = {{{Zur Grammatikalisierung der Modalverben im Deutschen}}},
  journal = {\textit{Zeitschrift für Sprachwissenschaft}},
  year    = {1993},
  volume  = {12},
  pages   = {218–234},
}

@Book{Diewald1997,
  title     = {\textit{Grammatikalisierung. Eine Einführung in Sein und Werden grammatischer Formen}},
  publisher = {Niemeyer},
  year      = {1997},
  author    = {Gabriele Diewald},
  address   = {Tübingen},
}

@InCollection{Diewald1999a,
  author    = {Gabriele Diewald},
  title     = {{{Die dialogische Bedeutungskomponente von Modalpartikeln}}},
  booktitle = {\textit{Dialogue Analysis and the Mass Media. Proceedings of the International Conference, Erlangen, April 2-3, 1998}},
  publisher = {Niemeyer},
  year      = {1999},
  editor    = {Bernd Naumann},
  number    = {187–199},
  pages     = {187–199},
  address   = {Tübingen},
}

@Book{Diewald1999b,
  title     = {\textit{Die Modalverben im Deutschen: Grammatikalisierung und Polyfunktionalität}},
  publisher = {Niemeyer},
  year      = {1999},
  author    = {Gabriele Diewald},
  address   = {Tübingen},
}

@InCollection{Diewald2006,
  author    = {Gabriele Diewald},
  title     = {Discourse particles and modal particles as grammatical elements},
  booktitle = {\textit{Approaches to Discourse Particles}},
  publisher = {Elsevier},
  year      = {2006},
  editor    = {Kerstin Fischer},
  pages     = {403–426},
  address   = {Amsterdam},
}

@InCollection{Diewald2007,
  author    = {Gabriele Diewald},
  title     = {{{Abtönungspartikel}}},
  booktitle = {\textit{Handbuch der deutschen Wortarten}},
  publisher = {de Gruyter},
  year      = {2007},
  editor    = {Ludger Hoffmann},
  pages     = {117–141},
  address   = {Berlin},
}

@InCollection{Diewald2008,
  author    = {Gabriele Diewald},
  title     = {{{Kontextfaktoren und der Abbau von Satzmodusrestriktionen bei der Grammatikalisierung der Modalpartikeln – mit besonderer Berücksichtigung der Entwicklung der Partikel \textit{ruhig}.}}},
  booktitle = {\textit{Modality}},
  publisher = {Wissenschaftlicher Verlag Trier},
  year      = {2008},
  editor    = {Ole Letnes and Eva Maagrø and Heinz Vater},
  pages     = {129-152},
  address   = {Trier},
}

@Article{Diewald1998,
  author  = {Gabriele Diewald and Kerstin Fischer},
  title   = {{{Zur diskursiven und modalen Funktion der Partikeln \textit{aber}, \textit{auch}, \textit{doch} und \textit{ja} in Instruktionsdialogen}}},
  journal = {\textit{Linguistica}},
  year    = {1998},
  volume  = {38},
  pages   = {75–99},
}

@Article{Diewald2010,
  author  = {Gabriele Diewald and Marijana Kresić},
  title   = {{{Ein übereinzelsprachliches kontrastives Beschreibungsmodell für Partikelbedeutungen}}},
  journal = {\textit{Linguistik Online}},
  year    = {2010},
  volume  = {44},
  url     = {https://bop.unibe.ch/linguistik-online/article/view/400/631},
}

@Book{Dik1978,
  title     = {\textit{Functional Grammar}},
  publisher = {North-Holland},
  year      = {1978},
  author    = {Simon C. Dik},
  address   = {Amsterdam},
}

@Book{Dik1989,
  title     = {\textit{The Theory of Functional Grammar. Part I: The Structure of the Clause}},
  publisher = {Foris},
  year      = {1989},
  author    = {Simon C. Dik},
  address   = {Dordrecht},
}

@InCollection{Dik1990,
  author    = {Simon C. Dik and Kees Hengeveld and Elseline Vester and Co Vet},
  title     = {The hierarchical structure of the clause and the typology of adverbial satellites},
  booktitle = {\textit{Layers and Levels of Representation in Language Theory}},
  publisher = {Benjamins},
  year      = {1990},
  editor    = {Jan Nuyts and A. Machtelt Bolkestein and Co Vet},
  pages     = {25–70},
  address   = {Amsterdam},
}

@Book{Dik1997,
  title     = {\textit{The Theory of Functional Grammar. Part I: The Structure of the Clause}},
  publisher = {Mouton de Gruyter},
  year      = {1997},
  author    = {Simon C. Dik},
  editor    = {Kees Hengeveld},
  address   = {Berlin and New York},
}

@Article{Dittmann1980,
  author  = {Jürgen Dittmann},
  title   = {{{\textit{Auch} und \textit{denn} als Abtönungspartikeln. Zugleich ein wissenschaftsgeschichtlicher Beitrag}}},
  journal = {\textit{Zeitschrift für germanistische Linguistik}},
  year    = {1980},
  volume  = {1},
  pages   = {51–73},
}

@InCollection{Dittmar2000,
  author    = {Norbert Dittmar},
  title     = {{{Sozialer Umbruch und Sprachwandel am Beispiel der Modalpartikeln \textit{halt} und \textit{eben} in der Berliner Kommunikationsgemeinschaft nach der ,Wende‘}}},
  booktitle = {\textit{Kommunikation in gesellschaftlichen Umbruchsituationen. Mikroanalytische Arbeiten zum sprachlichen und gesellschaftlichen Wandel in den Neuen Bundesländern}},
  publisher = {Niemeyer},
  year      = {2000},
  editor    = {Peter Auer and Heiko Hausendorf},
  pages     = {199–234},
  address   = {Tübingen},
}

@Book{Doherty1985,
  title     = {\textit{Epistemische Bedeutung}},
  publisher = {Akademie Verlag},
  year      = {1985},
  author    = {Monika Doherty},
  address   = {Berlin},
}

@Book{Doherty1987,
  title     = {\textit{Epistemic Meaning}},
  publisher = {Springer},
  year      = {1987},
  author    = {Monika Doherty},
  address   = {Berlin},
}

@InCollection{Doering2014,
  author    = {Sophia Döring},
  title     = {How modal particles and discourse relations interact: Empirical evidence},
  booktitle = {\textit{ConSOLE XXII: Proceedings of the 22nd Conference of the Student Organization of Linguistics in Europe (8-10 January 2014, Lisbon)}},
  publisher = {Leiden University Centre for Linguistics},
  year      = {2014},
  editor    = {Martin Kohlberger and Kate Bellamy and Eleanor Dutton},
  pages     = {81–94},
  address   = {Leiden},
}

@Book{Duden2009,
  title     = {\textit{Duden-Grammatik} = \textit{Die Grammatik. Unentbehrlich für richtiges Deutsch}},
  publisher = {Dudenverlag},
  year      = {2009},
  author    = {Duden-Grammatik},
  editor    = {Dudenreaktion},
  address   = {Mannheim and others},
  edition   = {8},
}

@Book{Duden1984,
  title     = {\textit{Duden-Grammatik der deutschen Gegenwartssprache}},
  publisher = {Dudenverlag},
  year      = {1984},
  author    = {Duden},
  editor    = {Günther Drosdowski},
  address   = {Mannheim and others},
  edition   = {4},
}

@Book{Dyhr1978,
  title     = {\textit{Die Satzspaltung im Dänischen und Deutschen. Eine kontrastive Analyse}},
  publisher = {Narr},
  year      = {1978},
  author    = {Mogens Dyhr},
  address   = {Tübingen},
}

@InCollection{Egg2013,
  author    = {Markus Egg},
  title     = {Discourse particles, common ground, and felicity conditions},
  booktitle = {\textit{Beyond Expressives: Explorations in Use-Conditional Meaning}},
  publisher = {Brill},
  year      = {2013},
  editor    = {Daniel Gutzmann and Hans-Martin Gärtner},
  pages     = {127–151},
  address   = {Leiden},
}

@Book{Eicher2001,
  title     = {\textit{Arbeitsbuch: Literaturwissenschaft}},
  publisher = {Schöningh},
  year      = {2001 [1996]},
  author    = {Thomas Eicher and Volker Wiemann},
  address   = {Paderborn and Others},
  edition   = {3},
}

@Book{Eichhoff1978,
  title     = {\textit{Wortatlas der deutschen Umgangssprachen}},
  publisher = {Francke},
  year      = {1978},
  author    = {Jürgen Eichhoff},
  volume    = {2},
  address   = {Bern},
}

@Article{Eichinger1991,
  author  = {Ludwig M. Eichinger},
  title   = {{{Ganz natürlich – aber im Rahmen bleiben. Zur Reihenfolge gestufter Adjektivattribute}}},
  journal = {\textit{Deutsche Sprache}},
  year    = {1991},
  volume  = {4},
  pages   = {312–329},
}

@Book{Eisenberg2004,
  title     = {\textit{Grundriss der deutschen Grammatik. Band 2: Der Satz}},
  publisher = {Metzler},
  year      = {2004},
  author    = {Peter Eisenberg},
  volume    = {2},
  address   = {Weimar},
}

@Article{Elsen2014,
  author  = {Hilke Elsen},
  title   = {{{Lautsymbolik – ein vernachlässigter Forschungsgegenstand der Sprachwissenschaft}}},
  journal = {\textit{Glottotheory}},
  year    = {2014},
  volume  = {5/2},
  pages   = {185–218},
}

@Article{Elspass2005,
  author  = {Stephan Elspaß},
  title   = {{{Zum Wandel im Gebrauch regionalsprachlicher Lexik. Ergebnisse einer Neuerhebung}}},
  journal = {\textit{Zeitschrift für Dialektologie und Linguistik}},
  year    = {2005},
  volume  = {72},
  pages   = {1-51},
}

@PhdThesis{Emonds1969,
  author = {Joseph Emonds},
  title  = {\textit{Root and Structure-preserving Transformations}},
  school = {Massachusetts Institute of Technology Cambridge},
  year   = {1969},
}

@InCollection{Engdahl2006,
  author    = {Elisabet Engdahl},
  title     = {Information Packaging in Questions},
  booktitle = {\textit{Empirical Issues in Syntax and Semantics 6}},
  year      = {2006},
  editor    = {Olivier Bonami and Patricia Cabredo Hofherr},
  pages     = {93–111},
  address   = {Paris},
  url       = {http://www.cssp.cnrs.fr/eiss6/index_en.html},
}

@InCollection{Engel1968,
  author    = {Ulrich Engel},
  title     = {{{Adjungierte Adverbialia. Zur Gliedfolge im Innenfeld}}},
  booktitle = {\textit{Forschungsbericht des Instituts für deutsche Sprache 1}},
  year      = {1968},
  editor    = {Hugo Moser},
  pages     = {85–103},
  address   = {Mannheim},
}

@Book{Eroms2000,
  title     = {\textit{Syntax der deutschen Sprache}},
  publisher = {de Gruyter},
  year      = {2000},
  author    = {Hans-Werner Eroms},
  address   = {Berlin and New York},
}

@InCollection{Eroms2006,
  author    = {Hans-Werner Eroms},
  title     = {{{Satzadverbien und Diskurspartikeln}}},
  booktitle = {\textit{Handbücher zur Sprach- und Kommunikationswissenschaft. Dependenz und Valenz}},
  publisher = {de Gruyter},
  year      = {2006},
  editor    = {Vilmos Ágel and Ludwig M. Eichinger and Peter Hellwig and Hans Jürgen Heringer and Henning Lobin},
  volume    = {25/2},
  pages     = {1017–1036},
  address   = {Berlin and New York},
}

@Article{Eroms2011,
  author  = {Hans-Werner Eroms},
  title   = {{{Attributive Adjektivcluster}}},
  journal = {\textit{Deutsche Sprache}},
  year    = {2011},
  volume  = {2},
  pages   = {113–136},
}

@Book{Erteschik-Shir2007,
  title     = {\textit{Information Structure: The Syntax–Discourse Interface}},
  publisher = {Oxford University Press},
  year      = {2007},
  author    = {Nomi Erteschik-Shir},
  address   = {Oxford},
}

@InCollection{Fabricius-Hansen2000,
  author    = {Cathrine Fabricius-Hansen},
  title     = {{{Formen der Konnexion}}},
  booktitle = {\textit{Handbücher zur Sprach- und Kommunikationswissenschaft. Text- und Gesprächslinguistik}},
  publisher = {de Gruyter},
  year      = {2000},
  editor    = {Antos Gerd and Klaus Brinker and Wolfgang Heinemann and Sven F. Sager},
  volume    = {16/1},
  pages     = {331–343},
  address   = {Berlin},
}

@Article{Farkas2003,
  author = {Donka Farkas},
  title  = {Assertion, belief and mood choice, presented at {ESSLLI, Conditional} and {Unconditional Modality Workshop. Vienna}},
  year   = {2003},
  url    = {https://people.ucsc.edu/~farkas/papers/mood.pdf},
}

@Article{Farkas2010,
  author  = {Donka Farkas and Kim B. Bruce},
  title   = {On reacting to assertions and polar questions},
  journal = {\textit{Journal of Semantics}},
  year    = {2010},
  volume  = {27},
  pages   = {81–118},
}

@InCollection{Farkas2011,
  author    = {Donka Farkas},
  title     = {Polarity particles in {English} and {Romanian}},
  booktitle = {\textit{Romance Linguistics 2010: Selected papers from the 40th Linguistic Symposium on Romance Linguistics}},
  publisher = {Benjamins},
  year      = {2011},
  editor    = {Julia Herschensohn},
  pages     = {303–328},
  address   = {Amsterdam},
}

@InCollection{Featherston2009,
  author    = {Sam Featherston},
  title     = {A scale for measuring well-formedness: Why syntax needs boiling and freezing points},
  booktitle = {\textit{The Fruits of Empirical Linguistics, Vol. 1: Process}},
  publisher = {de Gruyter},
  year      = {2009},
  editor    = {Sam Featherston and Susanne Winkler},
  pages     = {47–74},
  address   = {Berlin and New York},
}

@InCollection{Foolen1989,
  author    = {Ad Foolen},
  title     = {{{Beschreibungsebenen für Partikelbedeutungen}}},
  booktitle = {\textit{Sprechen mit Partikeln}},
  publisher = {de Gruyter},
  year      = {1989},
  editor    = {Harald Weydt},
  pages     = {305–317},
  address   = {Berlin and New York},
}

@Book{Ford1993,
  title     = {\textit{Grammar in Interaction: Adverbial Clauses in American English Conversations}},
  publisher = {Cambridge University Press},
  year      = {1993},
  author    = {Cecilia Ford},
  address   = {Cambridge},
}

@InCollection{Ford2000,
  author    = {Cecilia Ford},
  title     = {The treatment of contrasts in interaction},
  booktitle = {\textit{Cause, Condition, Concession and Contrast: Cognitive and Discourse Perspectives}},
  publisher = {Mouton de Gruyter},
  year      = {2000},
  editor    = {Bernd Kortmann and Elizabeth Couper-Kuhlen},
  pages     = {283–311},
  address   = {Berlin},
}

@Article{Fox1990,
  author  = {Barbara Fox and Sandra A. Thompson},
  title   = {A discourse explanation of the grammar of relative clauses in {English} conversation},
  journal = {\textit{Language}},
  year    = {1990},
  volume  = {66/2},
  pages   = {297–316},
}

@Book{Franck1980,
  title     = {\textit{Grammatik und Konversation}},
  publisher = {Scriptor},
  year      = {1980},
  author    = {Dorothea Franck},
  address   = {Königstein/Taunus},
}

@Book{Frank2011,
  title     = {\textit{Aufforderung im Französischen: {Ein} Beitrag zur Geschichte sprachlicher Höflichkeit}},
  publisher = {Franke},
  year      = {2011},
  author    = {Birgit Frank},
  address   = {Berlin},
}

@Book{Freienstein2008,
  title     = {\textit{Das erweiterte Appositiv}},
  publisher = {Narr},
  year      = {2008},
  author    = {Jan Claas Freienstein},
  address   = {Tübingen},
}

@PhdThesis{Frey2010,
  author = {Natascha Frey},
  title  = {\textit{Verdoppelung des w-Wortes im Schweizerdeutschen}},
  school = {Universität Bern},
  year   = {2010},
}

@InCollection{Frey2007,
  author    = {Werner Frey},
  title     = {Some contextual effects of aboutness topics in {German}},
  booktitle = {\textit{Interfaces and Interface Conditions}},
  publisher = {de Gruyter},
  year      = {2007},
  editor    = {Andreas Späth},
  pages     = {329–348},
  address   = {Berlin},
}

@InCollection{Frey2011,
  author    = {Werner Frey},
  title     = {Peripheral adverbial clauses, their licensing and the prefield in {German}},
  booktitle = {\textit{Satzverknüpfung – Zur Interaktion von Form, Bedeutung und Diskursfunktion}},
  publisher = {de Gruyter},
  year      = {2011},
  editor    = {Eva Breindl and Gisella Ferraresi and Anna Volodina},
  pages     = {41–77},
  address   = {Berlin},
}

@InCollection{Frey2012,
  author    = {Werner Frey},
  title     = {On two types of adverbial clauses allowing root-phenomena},
  booktitle = {\textit{Main Clause Phenomena: New Horizons}},
  publisher = {Benjamins},
  year      = {2012},
  editor    = {Lobke Aelbrecht and Liliane Haegeman and Rachel Nye},
  pages     = {405–429},
  address   = {Amsterdam},
}

@Article{Freywald2008,
  author  = {Ulrike Freywald},
  title   = {{{Zur Syntax und Funktion von \textit{dass}-Sätzen mit Verbzweitstellung}}},
  journal = {\textit{Deutsche Sprache}},
  year    = {2008},
  volume  = {36},
  pages   = {246–285},
}

@PhdThesis{Fritsch1990,
  author = {Werner Johann Fritsch},
  title  = {\textit{Gestalt und Bedeutung der deutschen Relativsätze}},
  school = {Ludwig-Maximilians-Universität München},
  year   = {1990},
}

@Article{Gaertner2001,
  author  = {Hans-Martin Gärtner},
  title   = {Are there V2 Relative Clauses in German?},
  journal = {\textit{Journal of Comparative Germanic Linguistics}},
  year    = {2001},
  volume  = {3/2},
  pages   = {97–141},
}

@Article{Gaertner2002,
  author  = {Hans-Martin Gärtner},
  title   = {On the Force of V2 Declaratives},
  journal = {\textit{Theoretical Linguistics}},
  year    = {2002},
  volume  = {28/1},
  pages   = {33–42},
}

@InCollection{Geyken2007,
  author    = {Alexander Geyken},
  title     = {The DWDS corpus: A reference corpus for the German language of the 20th century},
  booktitle = {\textit{Collocations and Idioms: Linguistic, Lexicographic and Computational Aspects}},
  publisher = {Continuum Press},
  year      = {2007},
  editor    = {Christiane Fellbaum},
  pages     = {23–41},
  address   = {London},
}

@Book{Giannakidou1998,
  title     = {\textit{Polarity Sensitivity as (Non)veridical Dependency}},
  publisher = {Benjamins},
  year      = {1998},
  author    = {Anastasia Giannakidou},
  address   = {Amsterdam and Philadelphia},
}

@Article{Ginzburg1995b,
  author  = {Jonathan Ginzburg},
  title   = {Resolving questions II},
  journal = {\textit{Linguistics and Philosophy}},
  year    = {1995},
  volume  = {18/6},
  pages   = {567–609},
}

@Article{Ginzburg1995a,
  author  = {Jonathan Ginzburg},
  title   = {Resolving questions I},
  journal = {\textit{Linguistics and Philosophy}},
  year    = {1995},
  volume  = {18/5, 459–52},
  pages   = {459–527},
}

@InCollection{Ginzburg1996,
  author    = {Jonathan Ginzburg},
  title     = {Dynamics and the semantics of dialogue},
  booktitle = {\textit{Language, Logic and Computation}},
  publisher = {CSLI Lecture Notes},
  year      = {1996},
  editor    = {Jerry Seligman and Dag Westerståhl},
  volume    = {1},
  address   = {Stanford},
  url       = {https://sites.google.com/site/jonathanginzburgswebsite/publications},
}

@InCollection{Givon1985,
  author    = {Talmy Givón},
  title     = {Iconicity, Isomorphism, and non-arbitrary coding in syntax},
  booktitle = {\textit{Iconicity in Syntax}},
  publisher = {Benjamins},
  year      = {1985},
  editor    = {John Haiman},
  pages     = {187–219},
  address   = {Amsterdam and Philadelphia},
}

@Article{Givon1991,
  author  = {Talmy Givón},
  title   = {Isomorphism in the grammatical code: cognitive and biological considerations},
  journal = {\textit{Studies in Language}},
  year    = {1991},
  volume  = {15/1},
  pages   = {85–114},
}

@Book{Glas1984,
  title     = {\textit{‚Sollen‘ im heutigen Deutsch: Bedeutung und Gebrauch in der Schriftsprache}},
  publisher = {Narr},
  year      = {1984},
  author    = {Reinhold Glas},
  address   = {Tübingen},
}

@InCollection{Gohl2000,
  author    = {Christine Gohl},
  title     = {Causal relations in spoken discourse: Asyndetic constructions as a means for giving reasons},
  booktitle = {\textit{Cause, Condition, Concession and Contrast: Cognitive and Discourse Perspectives}},
  publisher = {Mouton de Gruyter},
  year      = {2000},
  editor    = {Elizabeth Couper-Kuhlen and Bernd Kortmann},
  pages     = {83–110},
  address   = {Berlin},
}

@InCollection{Grawunder2012,
  author    = {Sven Grawunder},
  title     = {{{Die Erforschung des Sprechens mittels Nachrichtenkorpora – Die Nachrichtenarche der ARD}}},
  booktitle = {\textit{Nachrichten schreiben, sprechen, hören. Forschungen zur Hörverständlichkeit von Radionachrichten}},
  publisher = {Frank \& Timme},
  year      = {2012},
  editor    = {Ines Bose and Dietz Schwiesau},
  pages     = {157–177},
  address   = {Berlin},
}

@InCollection{Greenberg1963,
  author    = {Joseph Harold Greenberg},
  title     = {Some universals of language with particular reference to the order of meaningful elements},
  booktitle = {\textit{Universals of Language}},
  publisher = {MIT Press},
  year      = {1963},
  editor    = {Joseph Harold Greenberg},
  pages     = {73–113},
  address   = {Cambridge},
}

@Book{Grice1989,
  title     = {\textit{Studies in the Way of Words}},
  publisher = {Harvard University Press},
  year      = {1989},
  author    = {Paul Grice},
  address   = {Cambridge},
}

@Book{Gundel1977,
  title     = {\textit{Role of Topic and Comment in Linguistic Theory}},
  publisher = {Indiana University Linguistics Club},
  year      = {1977},
  author    = {Jeanette K. Gundel},
  address   = {Bloomington},
}

@Book{Gunlogson2003,
  title     = {\textit{True to Form. Rising and Falling Declaratives as Questions in English}},
  publisher = {Routledge},
  year      = {2003},
  author    = {Christine Gunlogson},
  address   = {London},
}

@Article{Gunlogson2008,
  author  = {Christine Gunlogson},
  title   = {A question of commitment},
  journal = {\textit{Belgian Journal of Linguistics}},
  year    = {2008},
  volume  = {22},
  pages   = {101–136},
}

@Article{Guenthner2002,
  author  = {Susanne Günthner},
  title   = {{{Zum kausalen und konzessiven Gebrauch des Konnektors \textit{wo} im gesprochenen Umgangsdeutsch}}},
  journal = {\textit{Zeitschrift für Germanistische Linguistik}},
  year    = {2002},
  volume  = {30/3},
  pages   = {310–341},
}

@InCollection{Guenthner2006,
  author    = {Susanne Günthner},
  title     = {{{,,Was ihn trieb, war vor allem Wanderlust" (Hesse: Narziss und Goldmund). Pseudocleft-Konstruktionen im Deutschen}}},
  booktitle = {\textit{Konstruktionen in der Interaktion}},
  publisher = {de Gruyter},
  year      = {2006},
  editor    = {Susanne Günthner and Wolfgang Imo},
  pages     = {59–90},
  address   = {Berlin},
}

@InCollection{Guenthner2007,
  author    = {Susanne Günthner},
  title     = {{{Zur Emergenz grammatischer Funktionen im Diskurs – \textit{wo}-Konstruktionen in Alltagsinteraktionen}}},
  booktitle = {\textit{Gespräch als Prozess}},
  publisher = {Narr},
  year      = {2007},
  editor    = {Heiko Hausendorf},
  pages     = {125–155},
  address   = {Tübingen},
}

@Book{Gussenhoven2004,
  title     = {\textit{The Phonology of Tone and Intonation}},
  publisher = {Cambridge University Press},
  year      = {2004},
  author    = {Carlos Gussenhoven},
  address   = {Cambridge},
}

@Book{Gutzmann2015,
  title     = {\textit{Use-Conditional Meaning. Studies in Multidimensional Semantics}},
  publisher = {Oxford University Press},
  year      = {2015},
  author    = {Daniel Gutzmann},
  address   = {Oxford},
}

@InCollection{Gutzmann2011,
  author    = {Daniel Gutzmann and Elena Castroviejo Miró},
  title     = {The dimensions of VERUM},
  booktitle = {\textit{Empirical Issues in Syntax and Semantics 8}},
  year      = {2011},
  editor    = {Oliver Bonami and Patricia Cabredo Hofherr},
  pages     = {143–165},
  address   = {Paris},
}

@Article{Gutzmann2016,
  author  = {Daniel Gutzmann and Katharina Turgay},
  title   = {{{Zur Stellung von Modalpartikeln in der gesprochenen Sprache}}},
  journal = {\textit{Deutsche Sprache}},
  year    = {2016},
  volume  = {44/2},
  pages   = {97-122},
}

@Article{Haegeman2002,
  author  = {Liliane Haegeman},
  title   = {Anchoring to speaker. Adverbial clauses and the structure of {CP}},
  journal = {\textit{Georgetown University Working Papers}},
  year    = {2002},
  volume  = {2},
  pages   = {117-180},
}

@Article{Haegeman2006,
  author  = {Liliane Haegeman},
  title   = {Conditionals, factives and the left periphery},
  journal = {\textit{Lingua}},
  year    = {2006},
  volume  = {116},
  pages   = {1651–1669},
}

@InCollection{Haegeman2004,
  author    = {Liliane Haegeman},
  title     = {Topicalization, {CLLD} and the left periphery},
  booktitle = {\textit{Proceedings of the Dislocated Elements Workshop, ZAS Berlin, November 2003}},
  publisher = {ZAS Papers in Linguistics},
  year      = {2004},
  editor    = {Benjamin Shaer and Werner Frey and Claudia Maienborn},
  volume    = {1},
  number    = {35},
  pages     = {157–192},
  address   = {Berlin},
}

@Article{Hagemann2009,
  author  = {Jörg Hagemann},
  title   = {{{Tag questions als Evidenzmarker. Formulierungsdynamik, sequentielle Struktur und Funktionen redezuginterner tags}}},
  journal = {\textit{Gesprächsforschung - Online-Zeitschrift zur verbalen Interaktion}},
  year    = {2009},
  volume  = {10},
  pages   = {145–176},
}

@Article{Haiman1980,
  author  = {John Haiman},
  title   = {The iconicity of grammar: Isomorphism and motivation},
  journal = {\textit{Language}},
  year    = {1980},
  volume  = {56},
  pages   = {515–540},
}

@Article{Haiman1983,
  author  = {John Haiman},
  title   = {Iconic and economic motivation},
  journal = {\textit{Language}},
  year    = {1983},
  volume  = {59/4},
  pages   = {781–819},
}

@Book{Haiman1985,
  title     = {\textit{Iconicity in Syntax}},
  publisher = {Benjamins},
  year      = {1985},
  author    = {John Haiman},
  address   = {Amsterdam and Philadelphia},
}

@InCollection{Haiman1992,
  author    = {John Haiman},
  title     = {Iconicity},
  booktitle = {\textit{Encyclopedia of Linguistics}},
  publisher = {Oxford University Press},
  year      = {1992},
  editor    = {William Bright},
  volume    = {2},
  pages     = {191–195},
  address   = {New York and Oxford},
}

@Article{Haiman2008,
  author  = {John Haiman},
  title   = {In defence of iconicity},
  journal = {\textit{Cognitive Linguistics}},
  year    = {2008},
  volume  = {19/1},
  pages   = {35–48},
}

@Article{Hamblin1971,
  author  = {Charles L. Hamblin},
  title   = {Mathematical models of dialogue},
  journal = {\textit{Theoria}},
  year    = {1971},
  volume  = {37},
  pages   = {130–155},
}

@PhdThesis{Han1998,
  author = {Chung-Hye Han},
  title  = {\textit{The Structure and Interpretation of Imperatives: Mood and Force in Universal Grammar}},
  school = {University of Pennsylvania},
  year   = {1998},
}

@Article{Harris2009,
  author  = {Jesse A. Harris and Christopher Potts},
  title   = {Perspective-shifting with appositives and expressives},
  journal = {\textit{Linguistics and Philosophy}},
  year    = {2009},
  volume  = {32/6},
  pages   = {523–552},
}

@InCollection{Hartmann1977,
  author    = {Dietrich Hartmann},
  title     = {{{Aussagesätze, Behauptungshandlungen und die kommunikativen Funktionen der Satzpartikeln \textit{ja}, \textit{nämlich} und \textit{einfach}}}},
  booktitle = {\textit{Aspekte der Modalpartikeln. Studien zur deutschen Abtönung}},
  publisher = {Niemeyer},
  year      = {1977},
  editor    = {Harald Weydt},
  pages     = {101–114},
  address   = {Tübingen},
}

@Article{Hartmann1986,
  author  = {Dietrich Hartmann},
  title   = {{{Semantik von Modalpartikeln im Deutschen. Zu Problemen ihrer Bedeutung und Bedeutungserfassung und deren Behandlung in der Partikelforschung}}},
  journal = {\textit{Deutsche Sprache}},
  year    = {1986},
  volume  = {2},
  pages   = {140–154},
}

@Article{Hartmann1984,
  author  = {Dietrich Hartmann},
  title   = {{{Reliefgebung: Informationsvordergrund und Informationshintergrund in Texten als Problem von Textlinguistik und Stilistik}}},
  journal = {\textit{Wirkendes Wort}},
  year    = {1984},
  volume  = {34},
  pages   = {305–323},
}

@Article{Hartog1982,
  author  = {Jennifer Hartog and Martin Rüttenauer},
  title   = {{{Über die Partikel \textit{eben}}}},
  journal = {\textit{Deutsche Sprache}},
  year    = {1982},
  volume  = {10},
  pages   = {69–82},
}

@Article{Haspelmath2008a,
  author  = {Martin Haspelmath},
  title   = {Frequency vs. iconicity in explaining grammatical asymmetries},
  journal = {\textit{Cognitive Linguistics}},
  year    = {2008},
  volume  = {19/1},
  pages   = {1–33},
}

@Article{Haspelmath2008b,
  author  = {Martin Haspelmath},
  title   = {Reply to {Haiman} and {Croft}},
  journal = {\textit{Cognitive Linguistics}},
  year    = {2008},
  volume  = {19/1},
  pages   = {59–66},
}

@Article{Helbig1977,
  author  = {Gerhard Helbig},
  title   = {{{Partikeln als illokutive Indikatoren im Dialog}}},
  journal = {\textit{Deutsch als Fremdsprache}},
  year    = {1977},
  volume  = {1},
  pages   = {30–52},
}

@Book{Heidolph1981,
  title     = {\textit{Grundzüge einer deutschen Grammatik}},
  publisher = {Akademie-Verlag},
  year      = {1981},
  author    = {Karl Erich Heidolph and Walter Flämig and Wolfgang Motsch},
  address   = {Berlin},
}

@InCollection{Heine1995,
  author    = {Bernd Heine},
  title     = {Agent-oriented vs. epistemic modality: some observations on {German} modals},
  booktitle = {\textit{Modality in Grammar and Discourse}},
  publisher = {Benjamins},
  year      = {1995},
  editor    = {Joan Bybee and Suzanne Fleischman},
  pages     = {17–53},
  address   = {Amsterdam and Philadelphia},
}

@Book{Helbig1990,
  title     = {\textit{Lexikon deutscher Partikeln}},
  publisher = {Verlag Enzyklopädie},
  year      = {1990},
  author    = {Gerhard Helbig},
  address   = {Leipzig},
}

@Book{Helbig1994,
  title     = {\textit{Lexikon deutscher Partikeln}},
  publisher = {Langenscheidt Enzyklopädie},
  year      = {1994},
  author    = {Gerhard Helbig},
  address   = {Leipzig},
}

@Book{Helbig1999,
  title     = {\textit{Deutsche Grammatik. Ein Handbuch für den Ausländerunterricht}},
  publisher = {Verlag Enzyklopädie},
  year      = {(1999) [1972]},
  author    = {Gerhard Helbig and Joachim Buscha},
  address   = {Leipzig},
  edition   = {19},
}

@Book{Helbig1981,
  title     = {\textit{Die Partikeln}},
  publisher = {Verlag Enzyklopädie},
  year      = {1981},
  author    = {Gerhard Helbig and Werner Kötz},
  address   = {Leipzig},
}

@Book{Held1995,
  title     = {\textit{Studien zur linguistischen Theorienbildung und empirische Untersuchung zum Sprachverhalten italienischer und französischer Jugendlicher in Bitt- und Dankessituationen}},
  publisher = {Narr},
  year      = {1995},
  author    = {Gudrun Held},
  address   = {Tübingen},
}

@Article{Hengeveld1989,
  author  = {Kees Hengeveld},
  title   = {Layers and operators in Functional Grammar},
  journal = {\textit{Journal of Linguistics}},
  year    = {1989},
  volume  = {25},
  pages   = {127–157},
}

@InCollection{Hengeveld1990,
  author    = {Kees Hengeveld},
  title     = {The hierarchical structure of utterances},
  booktitle = {\textit{Layers and Levels of Representation in Language Theory}},
  publisher = {Benjamins},
  year      = {1990},
  editor    = {Jan Nuyts and A. Machtelt Bolkestein and Co Vet},
  pages     = {1–24},
  address   = {Amsterdam},
}

@Book{Hentschel1986,
  title     = {\textit{Funktion und Geschichte deutscher Partikeln. ,Ja‘, ,doch‘, ,halt‘ und ,eben‘}},
  publisher = {Niemeyer},
  year      = {1986},
  author    = {Elke Hentschel},
  address   = {Tübingen},
}

@InCollection{Heycock2005,
  author    = {Caroline Heycock},
  title     = {Embedded root phenomena},
  booktitle = {\textit{The Blackwell Companion to Syntax}},
  publisher = {Blackwell},
  year      = {2005},
  editor    = {Martin Everaert and Henk van Riemsdijk},
  volume    = {2},
  pages     = {174–209},
  address   = {Oxford},
}

@Book{Higgins1976,
  title     = {\textit{The Pseudo-Cleft Construction in English}},
  publisher = {Reproduced by the Indiana University Linguistics Club},
  year      = {1976 [1973]},
  author    = {F. Roger Higgins},
  address   = {New York},
}

@Book{Hindelang1978,
  title     = {\textit{Auffordern. Die Untertypen des Aufforderns und ihre sprachlichen Realisierungsformen}},
  publisher = {Kümmerle},
  year      = {1978},
  author    = {Götz Hindelang},
  address   = {Göppingen},
}

@Book{Hindelang2010,
  title     = {\textit{Einführung in die Sprechakttheorie. Sprechakte, Äußerungsformen, Sprechaktsequenzen}},
  publisher = {de Gruyter},
  year      = {2010},
  author    = {Götz Hindelang},
  address   = {Berlin and others},
}

@Article{Hirschberg2014,
  author  = {Tim Hirschberg and Carolin Reinert and Anna Roth and Caroline Féry},
  title   = {Relative clauses in colloquial and literary {German}: A contrastive corpus-based study},
  journal = {\textit{Linguistische Berichte}},
  year    = {2014},
  volume  = {240},
  pages   = {405–445},
}

@InCollection{Hoeksema2008,
  author    = {Jack Hoeksema},
  title     = {The emergence of particle clusters in {Dutch}. {Grammaticalization} under adverse conditions},
  booktitle = {\textit{Theoretical and Empirical Issues in Grammaticalization}},
  publisher = {Benjamins},
  year      = {2008},
  editor    = {Elena Seoane and María José López-Couso},
  pages     = {131–149},
  address   = {Amsterdam and Philadelphia},
}

@Article{Hoeksema1991,
  author  = {Jack Hoeksema and Frans Zwarts},
  title   = {Some remarks on focus adverbs},
  journal = {\textit{Journal of Semantics}},
  year    = {1991},
  volume  = {8/1-2},
  pages   = {51–70},
}

@InCollection{Hoffmann1994,
  author    = {Ludger Hoffmann},
  title     = {{{Juristische Kommunikation: {Eine} Verhandlung vor dem Amtsgericht}}},
  booktitle = {\textit{Gesprochene Sprache. Transkripte und Tondokumente}},
  publisher = {Niemeyer},
  year      = {1994},
  editor    = {Konrad Ehlich and Angelika Redder},
  pages     = {19–91},
  address   = {Tübingen},
}

@InCollection{Hoffmann2002,
  author    = {Ludger Hoffmann},
  title     = {{{Kommunikative Gewichtung}}},
  booktitle = {\textit{Grammatik und Grammatikvermittlung}},
  publisher = {Lang},
  year      = {2002},
  editor    = {Corinna Peschel},
  pages     = {9–37},
  address   = {Frankfurt a. M.},
}

@InCollection{Hoffmann2003,
  author    = {Ludger Hoffmann},
  title     = {{{Funktionale Syntax. Prinzipien und Prozeduren}}},
  booktitle = {\textit{Funktionale Syntax}},
  publisher = {de Gruyter},
  year      = {2003},
  editor    = {Ludger Hoffmann},
  pages     = {18–121},
  address   = {Berlin and New York},
}

@InCollection{Hoehle1992,
  author    = {Tilman N. Höhle},
  title     = {{{Über Verumfokus im Deutschen}}},
  booktitle = {\textit{Informationsstruktur und Grammatik}},
  publisher = {Westdeutscher Verlag},
  year      = {1992},
  editor    = {Joachim Jacobs},
  pages     = {112–141},
  address   = {Opladen},
}

@Book{Holler2005,
  title     = {\textit{Weiterführende Relativsätze. Empirische und theoretische Aspekte}},
  publisher = {Akademie Verlag},
  year      = {2005},
  author    = {Anke Holler},
  address   = {Berlin},
}

@InCollection{Holler2008,
  author    = {Anke Holler},
  title     = {German dependent clauses from a constraint-based perspective},
  booktitle = {\textit{Subordination vs. Coordination in Sentence and Text}},
  publisher = {Benjamins},
  year      = {2008},
  editor    = {Cathrine Fabricius-Hansen and Wiebke Ramm},
  pages     = {187–216},
  address   = {Amsterdam and Philadelphia},
}

@Book{Hoogvliet1903,
  title     = {\textit{Lingua. Een beknopt leer-en handboek van Algemeene en Nederlandse taalkennis, meer bepaaldelijk bestemd voor leeraren en onderwijzenden in moderne en oude talen}},
  publisher = {Van Looy},
  year      = {1903},
  author    = {Jan M. Hoogvliet},
  address   = {Amsterdam},
}

@Article{Hooper1973,
  author  = {Joan B. Hooper and Sandra A. Thompson},
  title   = {On the applicability of root transformations},
  journal = {\textit{Linguistic Inquiry}},
  year    = {1973},
  volume  = {4},
  pages   = {465–497},
}

@Book{Horn1976,
  title     = {\textit{On the Semantic Properties of Logical Operators in English}},
  publisher = {Indiana University Linguistics Club},
  year      = {1976},
  author    = {Laurence Robert Horn},
  address   = {Bloomington},
}

@Article{Horn1991,
  author  = {Laurence Robert Horn},
  title   = {Given as new: When redundant affirmation isn’t},
  journal = {\textit{Journal of Pragmatics}},
  year    = {1991},
  volume  = {15},
  pages   = {305–328},
}

@Book{Huddleston1984,
  title     = {\textit{Introduction to the grammar of English}},
  publisher = {Cambridge University Press},
  year      = {1984},
  author    = {Rodney Huddleston},
  address   = {Cambridge},
}

@Book{Hume1955[1748],
  title     = {\textit{An Inquiry Concerning Human Understanding}},
  publisher = {Bobbs-Merrill},
  year      = {1955 [1748]},
  author    = {David Hume},
  address   = {New York},
}

@Article{Ickler1994,
  author  = {Theodor Ickler},
  title   = {{{Zur Bedeutung der sogenannten Modalpartikeln}}},
  journal = {\textit{Sprachwissenschaft}},
  year    = {1994},
  volume  = {19},
  pages   = {374–404},
}

@InCollection{Imo2010,
  author    = {Wolfgang Imo},
  title     = {{{\textit{Versteckte Grammatik}: Weshalb qualitative Analysen gesprochener Sprache für die Grammatik(be)schreibung notwendig sind}}},
  booktitle = {\textit{Usbekisch-deutsche Studien III: Sprache – Literatur – Kultur – Didaktik}},
  publisher = {LIT},
  year      = {2010},
  editor    = {Rudolf Suntrup and Kordula Schulze and Tomas Tomasek and others},
  volume    = {3},
  pages     = {261–284},
  address   = {Münster},
  url       = {http://www.uni-muenster.de/imperia/md/content/germanistik/lehrende/imo_w/artikelimousbekistan.pdf},
}

@InCollection{Imo2011,
  author    = {Wolfgang Imo},
  title     = {{{\textit{Jetzt gehn wir einen trinken, gell?} Vergewisserungssignale (tag questions) und ihre Relevanz für den DaF-Unterricht}}},
  booktitle = {\textit{Deutsch {aktuell} 2. Einführung in die Tendenzen der deutschen Gegenwartssprache}},
  publisher = {Carocci},
  year      = {2011},
  editor    = {Sandro M. Moraldo},
  pages     = {127–150},
  address   = {Rom},
}

@Book{Jacobs1983,
  title     = {\textit{Fokus und Skalen. Zur Syntax und Semantik der Gradpartikeln im Deutschen}},
  publisher = {Niemeyer},
  year      = {1983},
  author    = {Joachim Jacobs},
  address   = {Tübingen},
}

@InCollection{Jacobs1986,
  author    = {Joachim Jacobs},
  title     = {The syntax of focus and adverbials in German},
  booktitle = {\textit{Topic, Focus, and Configurationality}},
  publisher = {Benjamins},
  year      = {1986},
  editor    = {Werner Abraham and Sjaak de Meij},
  pages     = {103–128},
  address   = {Amsterdam},
}

@InCollection{Jacobs1991,
  author    = {Joachim Jacobs},
  title     = {On the semantics of modal particles},
  booktitle = {\textit{Discourse Particles. Descriptive and Theoretical Investigations on the Logical, Syntactic and Pragmatic Properties of Discourse Particles in German}},
  publisher = {Benjamins},
  year      = {1991},
  editor    = {Werner Abraham},
  pages     = {141–162},
  address   = {Amsterdam and Philadelphia},
}

@Book{Jung1971,
  title     = {\textit{Grammatik der Deutschen Sprache}},
  publisher = {Schmidt},
  year      = {1971},
  author    = {Walter Jung},
  address   = {Leipzig},
}

@InCollection{Karagjosova2003,
  author    = {Elena Karagjosova},
  title     = {Modal particles and the common ground: meaning and functions of German \textit{ja}, \textit{doch}, \textit{eben/halt } and \textit{auch}},
  booktitle = {\textit{Perspectives on Dialogue in the New Millenium}},
  publisher = {Benjamins},
  year      = {2003},
  editor    = {Peter Kühnlein and Hannes Rieser and Henk Zeevat},
  pages     = {335–350},
  address   = {Amsterdam},
}

@PhdThesis{Karagjosova2004,
  author  = {Elena Karagjosova},
  title   = {\textit{The Meaning and Function of German Modal Particles}},
  school  = {Universtität Saarbrücken},
  year    = {2004},
  address = {Saarbrücken},
  url     = {https://www.researchgate.net/publication/34970619_The_meaning_and_function_of_German_modal_particles},
}

@Book{Kehler2002,
  title     = {\textit{Coherence, Reference and the Theory of Grammar}},
  publisher = {CSLI Publications},
  year      = {2002},
  author    = {Andrew Kehler},
  address   = {Stanford},
}

@InCollection{Kehler2004,
  author    = {Andrew Kehler},
  title     = {Discourse coherence},
  booktitle = {\textit{Handbook of Pragmatics}},
  publisher = {Blackwell},
  year      = {2004},
  editor    = {Laurence Horn and Gergory Ward},
  pages     = {241–265},
  address   = {Oxford},
}

@InCollection{Keller1995,
  author    = {Rudi Keller},
  title     = {The epistemic \textit{weil}},
  booktitle = {\textit{Subjectivity and Subjectivisation. Linguistic Perspectives}},
  publisher = {Cambridge University Press},
  year      = {1995},
  editor    = {Dieter Stein and Susan Wright},
  pages     = {16–30},
  address   = {Cambridge},
}

@InCollection{Kiparsky1970,
  author    = {Paul Kiparsky and Carol Kiparsky},
  title     = {Fact},
  booktitle = {\textit{Progress in Linguistics}},
  publisher = {Mouton},
  year      = {1970},
  editor    = {Manfred Bierwisch and Karl Heidolph},
  pages     = {143–173},
  address   = {The Hauge},
}

@Book{Klarer2009,
  title     = {\textit{Einführung in den anglistisch-amerikanistische Literaturwissenschaft}},
  publisher = {Wissenschaftliche Buchgesellschaft},
  year      = {2009 [1994]},
  author    = {Mario Klarer},
  address   = {Darmstadt},
  edition   = {6},
}

@Book{Klein1994,
  title     = {\textit{Time in Language}},
  publisher = {Routledge},
  year      = {1994},
  author    = {Wolfgang Klein},
  address   = {London},
}

@Book{Koehler1929,
  title     = {\textit{Gestalt Psychology}},
  publisher = {Liveright},
  year      = {1929},
  author    = {Wolfgang Köhler},
  address   = {New York},
}

@Article{Koenig1997,
  author  = {Ekkehard König},
  title   = {{{Zur Bedeutung von Modalpartikeln im Deutschen: Ein Neuansatz im Rahmen der Relevanztheorie}}},
  journal = {\textit{Zeitschrift für Germanistische Linguistik}},
  year    = {1997},
  volume  = {136},
  pages   = {57–75},
}

@Book{Koenig1990,
  title     = {\textit{Adverbien und Partikeln. Ein deutsch-englisches Wörterbuch}},
  publisher = {Julius Gross},
  year      = {1990},
  author    = {Ekkehard König and Detlef Stark and Susanne Requardt},
  address   = {Heidelberg},
}

@Book{Krivonosov1977,
  title     = {\textit{Die modalen Partikeln in der deutschen Gegenwartssprache}},
  publisher = {Verlag Alfred Kümmerle},
  year      = {1977},
  author    = {Alexej Krivonosov},
  address   = {Göppingen},
}

@Article{Kuno1972,
  author  = {Susumu Kuno},
  title   = {Functional sentence perspective: A case study from {Japanese} and {English}},
  journal = {\textit{Linguistic Inquiry}},
  year    = {1972},
  volume  = {3},
  pages   = {269–336},
}

@Book{Kueper1993,
  title     = {\textit{Von der Sprache zur Literatur. Motiviertheit im sprachlichen und im poetischen Kode}},
  publisher = {Stauffenburg},
  year      = {1993},
  author    = {Christoph Küper},
  address   = {Tübingen},
}

@InCollection{Kupietz2010,
  author    = {Marc Kupietz and Cyril Belica and Holger Keibel and Andreas Witt},
  title     = {The German Reference Corpus DeReKo: A primordial sample for linguistic research},
  booktitle = {\textit{Proceedings of the 7th Conference on International Language Resources and Evaluation (LREC 2010)}},
  publisher = {European Language Resources Association (ELRA)},
  year      = {2010},
  editor    = {Nicoletta Calzolari and Khalid Choukri and Bente Maegaard and Joseph Mariani and Jan Odijk and Stelios Piperidis and Mike Rosner and Daniel Tapias.},
  pages     = {1848–1854},
  address   = {Valletta},
}

@Article{Lakoff1973,
  author  = {George Lakoff},
  title   = {Hedges: A study in meaning criteria and the logic of fuzzy concepts},
  journal = {\textit{Journal of Philosophical Logic}},
  year    = {1973},
  volume  = {2},
  pages   = {458–508},
}

@Book{Lambrecht1994,
  title     = {\textit{Information Structure and Sentence Form: Topic, Focus, and the Mental Representations of Discourse Referents}},
  publisher = {Cambridge University Press},
  year      = {1994},
  author    = {Knud Lambrecht},
  address   = {Cambridge},
}

@Article{Lambrecht2001,
  author  = {Knud Lambrecht},
  title   = {A framework for the analysis of cleft constructions},
  journal = {\textit{Linguistics}},
  year    = {2001},
  volume  = {39/3},
  pages   = {463–516},
}

@Book{Landsberg1995,
  title     = {\textit{Syntactic Iconicity and Linguistic Freezes}},
  publisher = {Mouton de Gruyter},
  year      = {1995},
  author    = {Marge E. Landsberg},
  address   = {Berlin and New York},
}

@Article{Lang1979,
  author  = {Ewald Lang},
  title   = {{{Zum Status der Satzadverbiale}}},
  journal = {\textit{Slovo a Slovesnost XL}},
  year    = {1979},
  pages   = {200–213},
}

@Book{Lehmann1984,
  title     = {\textit{Der Relativsatz. Typologie seiner Struktur, Theorie seiner Funktionen, Kompendium seiner Grammatik}},
  publisher = {Narr},
  year      = {1984},
  author    = {Christian Lehmann},
  address   = {Tübingen},
}

@InCollection{Lemnitzer2001,
  author    = {Lothar Lemnitzer},
  title     = {{{,,Wann kommt er denn nun endlich zur Sache?" Modalpartikel-Kombinationen – Eine korpusbasierte Untersuchung}}},
  booktitle = {\textit{Sprache im Alltag. Beiträge zu neuen Perspektiven in der Linguistik. Herbert Ernst Wiegand zum 65. Geburtstag gewidmet}},
  publisher = {de Gruyter},
  year      = {2001},
  editor    = {Andrea Lehr and Matthias Kammerer and Klaus-Peter Konerding and Angelika Storrer and Caja Thimm and Werner Wolski},
  pages     = {349–371},
  address   = {Berlin and New York},
}

@Book{Li1981,
  title     = {\textit{Mandarin Chinese: A Functional Reference Grammar}},
  publisher = {University of California Press},
  year      = {1981},
  author    = {Charles N. Li and Sandra A. Thompson},
  address   = {Berkeley},
}

@InCollection{Liedke2000,
  author    = {Frank Liedke},
  title     = {{{Modalverben im Deutschen – semantische und pragma\-tische Beschreibung}}},
  booktitle = {\textit{Sprachspiel und Bedeutung. (Festschrift für Franz Hundsnurscher zum 65. Geburtstag)}},
  publisher = {Niemeyer},
  year      = {2000},
  editor    = {Susanne Beckmann and Peter-Paul König and Georg Wolf.},
  pages     = {105–112},
  address   = {Tübingen},
}

@InCollection{Lindner1991,
  author    = {Katrin Lindner},
  title     = {{{,,Wir sind ja doch alte Bekannte." The use of German \textit{ja} and \textit{doch} as modal particles}}},
  booktitle = {\textit{Discourse Particles. Descriptive and Theoretical Investigations on the Logical, Syntactic and Pragmatic Properties of Discourse Particles in German}},
  publisher = {Benjamins},
  year      = {1991},
  editor    = {Werner Abraham},
  pages     = {168–201},
  address   = {Amsterdam},
}

@Book{Linke2001,
  title     = {\textit{Studienbuch Linguistik}},
  publisher = {Niemeyer},
  year      = {(2001) [1991]},
  author    = {Angelika Linke and Markus Nussbaumer and Paul R. Portmann},
  address   = {Tübingen},
  edition   = {4},
}

@Book{Lohnstein2000,
  title     = {\textit{Satzmodus kompositionell. Zur Parametrisierung der Modusphrase im Deutschen}},
  publisher = {Akademie Verlag},
  year      = {2000},
  author    = {Horst Lohnstein},
  address   = {Berlin},
}

@Book{Lorenz1992,
  title     = {\textit{Die Naturwissenschaft vom Menschen. Eine Einführung in die vergleichende Verhaltensforschung}},
  publisher = {Piper},
  year      = {1992},
  author    = {Konrad Lorenz},
  address   = {München and Zürich},
}

@Article{Loetscher1991,
  author  = {Andreas Lötscher},
  title   = {{{Der Konjunktiv II bei Modalverben und die Semantik des Konjunktiv II}}},
  journal = {\textit{Sprachwissenschaft}},
  year    = {1991},
  volume  = {16},
  pages   = {334–364},
}

@Article{Loetscher1998,
  author  = {Andreas Lötscher},
  title   = {{{Die textlinguistische Interpretation von Relativsätzen}}},
  journal = {\textit{Deutsche Sprache}},
  year    = {1998},
  volume  = {2},
  pages   = {97–120},
}

@Book{Luetten1977,
  title     = {\textit{Untersuchungen zur Leistung der Partikeln in der gesprochenen deutschen Sprache}},
  publisher = {Kümmerle},
  year      = {1977},
  author    = {Jutta Lütten},
  address   = {Göppingen},
}

@InCollection{Mache2009,
  author    = {Jacob Mache},
  title     = {{{Das Wesen epistemischer Modalität}}},
  booktitle = {\textit{Modalität, Epistemik und Evidentialität bei Modalverb, Adverb, Modalpartikel und Modus}},
  publisher = {Stauffenburg},
  year      = {2009},
  editor    = {Werner Abraham and Elisabeth Leiss},
  pages     = {25–55},
  address   = {Tübingen},
}

@Article{Malamud2011,
  author  = {Sophia A. Malamud and Tamina Stephenson},
  title   = {Three ways to avoid commitments: Declarative force modifiers in the conversational scoreboard},
  journal = {\textit{Preproceedings of SemDial 2011 conference, Los Angeles, CA}},
  year    = {2011},
  url     = {http://people.brandeis.edu/%7Esmalamud/Malamud-Stephenson-no-note.pdf},
}

@Book{Masi1996,
  title     = {\textit{Deutsche Modalpartikeln und ihre Entsprechungen im Italienischen. Äquivalente für ‚doch‘, ‚ja‘, ‚denn‘, ‚schon‘ und ‚wohl‘}},
  publisher = {Peter Lang},
  year      = {1996},
  author    = {Stefania Masi},
  address   = {Frankfurt a. M.},
}

@Book{Mattausch1965,
  title     = {\textit{Untersuchungen zur Wortstellung in der Prosa des jungen Goethe}},
  publisher = {Akademie Verlag},
  year      = {1965},
  author    = {Josef Mattausch},
  address   = {Berlin},
}

@Book{Matthews1964,
  title     = {\textit{Hidatsa Syntax}},
  publisher = {Mouton \& Co.},
  year      = {1964},
  author    = {George Hubert Matthews},
  address   = {Den Haag},
}

@InCollection{Mazzola1992,
  author    = {Michael L. Mazzola},
  title     = {Stress clash and segmental deletion},
  booktitle = {\textit{Theoretical Analyses in Romance Linguistics}},
  publisher = {Benjamins},
  year      = {1992},
  editor    = {Christiane Laeufer and Terrell A. Morgan},
  pages     = {81–97},
  address   = {Amsterdam and Philadelphia},
}

@Book{Meibauer1994,
  title     = {\textit{Modaler Kontrast und konzeptuelle Verschiebung. Studien zur Syntax und Semantik deutscher Modalpartikeln}},
  publisher = {Niemeyer},
  year      = {1994},
  author    = {Jörg Meibauer},
  address   = {Tübingen},
}

@InCollection{Mikame1998,
  author    = {Hirofumi Mikame},
  title     = {{{Relativsätze aus textpragmatischer Sicht}}},
  booktitle = {\textit{Deutsche Grammatik – Thema in Variationen. Festschrift für Hans-Werner Eroms zum 60. Geburtstag}},
  publisher = {Winter},
  year      = {1998},
  editor    = {Karin Donhauser and Ludwig M. Eichinger},
  pages     = {283–298},
  address   = {Heidelberg},
}

@Book{Moellering2004,
  title     = {\textit{The Acquisition of German Modal Particles. A Corpus-based Approach}},
  publisher = {Peter Lang},
  year      = {2004},
  author    = {Martina Möllering},
  address   = {Bern},
}

@InCollection{Motsch1970,
  author    = {Wolfgang Motsch},
  title     = {{{Ein Typ von Emphasesätzen im Deutschen}}},
  booktitle = {\textit{Vorschläge für eine strukturale Grammatik des Deutschen}},
  publisher = {Wissenschaftliche Buchgesellschaft},
  year      = {1970},
  editor    = {Hugo Steger},
  pages     = {88–108},
  address   = {Darmstadt},
}

@Article{Motsch1987,
  author  = {Wolfgang Motsch},
  title   = {{{Zur Illokutionsstruktur von Feststellungstexten}}},
  journal = {\textit{Zeitschrift für Phonetik, Sprachwissenschaft und Kommunikationsforschung}},
  year    = {1987},
  volume  = {40},
  pages   = {45–67},
}

@Article{Mueller2012,
  author  = {Sonja Müller},
  title   = {{{Inkompatible Illokutionsmerkmale: Konjunktivische und imperativische w-Interrogativsätze}}},
  journal = {\textit{Zeitschrift für germanistische Linguistik}},
  year    = {2012},
  volume  = {40/3},
  pages   = {396–442},
}

@Article{Mueller2014a,
  author  = {Sonja Müller},
  title   = {{{Zur Anordnung der Modalpartikeln \textit{ja} und \textit{doch}: (In)stabile Kontexte und (non)kanonische Assertionen}}},
  journal = {\textit{Linguistische Berichte}},
  year    = {2014a},
  volume  = {238},
  pages   = {165–208},
}

@Book{Mueller2014b,
  title     = {\textit{Modalpartikeln}},
  publisher = {Winter},
  year      = {2014b},
  author    = {Sonja Müller},
  address   = {Heidelberg},
}

@Article{Mueller2014c,
  author  = {Sonja Müller},
  title   = {Imperative wh-interrogatives: Pragmatic analysis and empirical evidence from German},
  journal = {\textit{International Review of Pragmatics}},
  year    = {2014},
  volume  = {6/2},
  pages   = {263–305},
}

@Book{Musan2010,
  title     = {\textit{Informationsstruktur}},
  publisher = {Winter},
  year      = {2010},
  author    = {Renate Musan},
  address   = {Heidelberg},
}

@InCollection{Naef1987,
  author    = {Anton Näf},
  title     = {{{Gibt es Exklamativsätze?}}},
  booktitle = {\textit{Satzmodus zwischen Grammatik und Pragmatik. Referate anläßlich der 8. Jahrestagung der Deutschen Gesellschaft für Sprachwissenschaft, Heidelberg 1986}},
  publisher = {Niemeyer},
  year      = {1987},
  editor    = {Jörg Meibauer},
  pages     = {140–160},
  address   = {Tübingen},
}

@Article{Naef1996,
  author  = {Anton Näf},
  title   = {{{Die w-Exklamativsätze im Deutschen – zugleich ein Plädoyer für eine Rehabilitierung der Empirie in der Sprachwissenschaft}}},
  journal = {\textit{Zeitschrift für germanistische Linguistik}},
  year    = {1996},
  volume  = {24},
  pages   = {135–152},
}

@Book{Naenny1999a,
  title     = {\textit{Form Miming Meaning}},
  publisher = {Benjamins},
  year      = {1999},
  author    = {Max Nänny and Olga Fischer},
  address   = {Amsterdam and Philadelphia},
}

@InCollection{Fischer1999,
  author    = {Olga Fischer and Max Nänny},
  title     = {Iconicity as a creative force in language use},
  booktitle = {\textit{Form Miming Meaning}},
  publisher = {Benjamins},
  year      = {1999},
  editor    = {Max Nänny and Olga Fischer},
  pages     = {xv–xxxvi},
  address   = {Amsterdam and Philadelphia},
}

@Article{Newmeyer1992,
  author  = {Frederick J. Newmeyer},
  title   = {Iconicity and Generative Grammar},
  journal = {\textit{Language}},
  year    = {1992},
  volume  = {68/4},
  pages   = {756–796},
}

@InCollection{Ninan2005,
  author    = {Dilip Ninan},
  title     = {Two puzzles about deontic necessity},
  booktitle = {\textit{New Work on Modality. MIT Working Papers in Linguistics 51}},
  year      = {2005},
  editor    = {Jon Gajewski and Valentine Hacquard an Bernard Nickel and Seth Yalcin},
  pages     = {149–178},
  address   = {Cambridge},
}

@Book{Nuenning2015,
  title     = {\textit{Grundkurs anglistisch-amerikanistische Literaturwissenschaft}},
  publisher = {Klett},
  year      = {2015},
  author    = {Vera Nünning and Ansgar Nünning},
  address   = {Stuttgart},
  edition   = {9},
}

@Book{Oehlschlaeger1989,
  title     = {\textit{Zur Syntax und Semantik der Modalverben des Deutschen}},
  publisher = {Niemeyer},
  year      = {1989},
  author    = {Günther Öhlschläger},
  address   = {Tübingen},
}

@InCollection{Oennerfors1997a,
  author    = {Olaf Önnerfors},
  title     = {On narrative declarative {V1} sentences in {German}},
  booktitle = {\textit{Modality in Germanic Languages. Historical and Comparative Perspectives}},
  publisher = {Mouton de Gruyter},
  year      = {1997},
  editor    = {Toril Swan and Olaf Jansen Westvik},
  pages     = {293–319},
  address   = {Berlin and New York},
}

@Book{Oennerfors1997,
  title     = {\textit{Verb-erst-Deklarativsätze: Grammatik und Pragmatik}},
  publisher = {Almqvist and Wiksell International},
  year      = {1997},
  author    = {Olaf Önnerfors},
  address   = {Stockholm},
}

@InCollection{Oppenrieder1987,
  author    = {Wilhelm Oppenrieder},
  title     = {{{Aussagesätze im Deutschen}}},
  booktitle = {\textit{Satzmodus zwischen Grammatik und Pragmatik}},
  publisher = {Niemeyer},
  year      = {1987},
  editor    = {Jörg Meibauer},
  pages     = {161–189},
  address   = {Tübingen},
}

@InCollection{Oppenrieder1989,
  author    = {Wilhelm Oppenrieder},
  title     = {{{Selbständige Verb-letzt-Sätze: Ihr Platz im Satzmodus\-system und ihre intonatorische Kennzeichnung}}},
  booktitle = {\textit{Zur Intonation von Modus und Fokus im Deutschen}},
  publisher = {Niemeyer},
  year      = {1989},
  editor    = {Hans Altmann},
  pages     = {163–244},
  address   = {Tübingen},
}

@InCollection{Oppenrieder2013,
  author    = {Wilhelm Oppenrieder},
  title     = {{{Deklarativsätze}}},
  booktitle = {\textit{Satztypen des Deutschen}},
  publisher = {de Gruyter},
  year      = {2013},
  editor    = {Jörg Meibauer and Markus Steinbach and Hans Altmann},
  pages     = {20-50},
  address   = {Berlin},
}

@Book{Ormelius-Sandblom1997,
  title     = {\textit{Die Modalpartikeln ‚ja‘, ‚doch‘ und ‚schon‘. Zu ihrer Syntax, Semantik und Pragmatik}},
  publisher = {Almqvist and Wiksell},
  year      = {1997},
  author    = {Elisabet Ormelius-Sandblom},
  address   = {Stockholm},
}

@Article{Pak2008,
  author  = {Miok Pak},
  title   = {Types of Clauses and Sentence end Particles in {Korean}},
  journal = {Korean Linguistics},
  year    = {2008},
  volume  = {14},
  pages   = {113-156},
}

@Book{Zitterbart2002,
  title     = {\textit{Zur korrelativen Subordination im Deutschen}},
  publisher = {Niemeyer},
  year      = {2002},
  author    = {Jussara Paranhos Zitterbart},
  address   = {Tübingen},
}

@Article{Pasch1983,
  author  = {Renate Pasch},
  title   = {{{Die Kausalkonjunktionen \textit{da}, \textit{denn} und \textit{weil}: {Drei} Konjunktionen – drei lexikalische Klassen}}},
  journal = {\textit{Deutsch als Fremdsprache}},
  year    = {1983},
  volume  = {20/6},
  pages   = {332–337},
}

@InCollection{Pasch1999,
  author    = {Renate Pasch},
  title     = {{{Der subordinierende Konnektor \textit{wo}: kausal und konzessive?}}},
  booktitle = {\textit{Ausdrucksgrammatik versus Inhaltsgrammatik. Linguistische und didaktische Aspekte der Grammatik}},
  publisher = {IUDICIUM Verlag},
  year      = {1999},
  editor    = {Renate Freudenberg-Findeisen},
  pages     = {139–154},
  address   = {München},
}

@Book{Pasch2003,
  title     = {\textit{Handbuch der deutschen Konnektoren. Linguistische Grundlagen der Beschreibung und syntaktische Merkmale der deutschen Satzverknüpfer}},
  publisher = {de Gruyter},
  year      = {2003},
  author    = {Renate Pasch and Ursula Brauße and Eva Breindl and Ulrich Hermann Waßner},
  address   = {Berlin},
}

@Book{Peirce1960,
  title     = {\textit{Collected Papers of Charles Sanders Pierce I-II}},
  publisher = {Belknap Press of Harvard University Press},
  year      = {1960},
  author    = {Charles Sanders Peirce},
  editor    = {Charles Hartshorne and Paul Weiss},
  address   = {Cambridge},
}

@Book{Perkuhn2012,
  title     = {\textit{Korpuslinguistik}},
  publisher = {Fink},
  year      = {2012},
  author    = {Rainer Perkuhn and Holger Keibel and Marc Kupietz},
  address   = {Paderborn},
}

@Article{Perniss2010,
  author  = {Pamela Perniss and Robin L. Thompson and Gabriella Vigliocco},
  title   = {Iconicity as a general property of language: evidence from spoken and signed languages},
  journal = {\textit{Frontiers in Psychology}},
  year    = {2010},
  pages   = {1–46},
}

@InCollection{Pittner2007,
  author    = {Karin Pittner},
  title     = {{{Dialog in der Grammatik: \textit{Doch} in Kausalsätzen mit Verberststellung}}},
  booktitle = {\textit{Von der Pragmatik zur Grammatik}},
  publisher = {Universitätsverlag},
  year      = {2007},
  editor    = {Sandra Döring and Jochen Geilfuß-Wolfgang},
  pages     = {39–56},
  address   = {Leipzig},
}

@InCollection{Pittner2011,
  author    = {Karin Pittner},
  title     = {{{Subsidiäre Begründungen}}},
  booktitle = {\textit{Konnektoren im Deutschen und im Sprachvergleich: Beschreibung und grammatische Analyse}},
  publisher = {Narr},
  year      = {2011},
  editor    = {Gisella Ferraresi},
  pages     = {157–182},
  address   = {Tübingen},
}

@Article{Plank1979,
  author  = {Frans Plank},
  title   = {{{Ikonisierung und De-Ikonisierung als Prinzipien des Sprachwandels}}},
  journal = {\textit{Sprachwissenschaft}},
  year    = {1979},
  volume  = {4},
  pages   = {121–158},
}

@InCollection{Portner2004,
  author    = {Paul Portner},
  title     = {The semantics of imperatives within a theory of clause types},
  booktitle = {\textit{Proceedings of SALT 14}},
  year      = {2004},
  editor    = {Robert B. Young},
  pages     = {235–252},
}

@Article{Portner2007,
  author  = {Paul Portner},
  title   = {Imperatives and modals},
  journal = {\textit{Natural Language Semantics}},
  year    = {2007},
  volume  = {15/4},
  pages   = {351–383},
}

@InCollection{Posner1979,
  author    = {Roland Posner},
  title     = {{{Bedeutung und Gebrauch der Satzverknüpfer in den natürlichen Sprachen}}},
  booktitle = {\textit{Sprechakttheorie und Semantik}},
  publisher = {Suhrkamp},
  year      = {1979},
  editor    = {Günther Grewendorf},
  pages     = {345–385},
  address   = {Frankfurt a. M.},
}

@Article{Posner1980,
  author  = {Roland Posner},
  title   = {{{Ikonismus in der Syntax. Zur natürlichen Stellung der Attribute}}},
  journal = {\textit{Zeitschrift für Semiotik}},
  year    = {1980},
  volume  = {2},
  pages   = {57–82},
}

@Book{Potts2005,
  title     = {\textit{The Logic of Conventional Implicatures}},
  publisher = {Oxford University Press},
  year      = {2005},
  author    = {Christopher Potts},
  address   = {Oxford},
}

@Article{Prieto2010,
  author  = {Pilar Prieto},
  title   = {Prosodic effects on phrasing: Clash avoidance in {Catalan}},
  journal = {\textit{Lingua}},
  year    = {2010},
  volume  = {121/13},
  pages   = {1923–1933},
}

@Article{Prince1978,
  author  = {Ellen F. Prince},
  title   = {A comparison of wh-clefts and it-clefts in discourse},
  journal = {\textit{Language}},
  year    = {1978},
  volume  = {54},
  pages   = {883– 906},
}

@Book{Protze1997,
  title     = {\textit{Wortatlas der städtischen Umgangssprache. Zur territorialen Differenzierung der Sprache in Mecklenburg-Vorpommern, Brandenburg, Berlin, Sachsen-Anhalt, Sachsen und Thüringen}},
  publisher = {Böhlau},
  year      = {1997},
  author    = {Helmut Protze},
  address   = {Köln},
}

@InCollection{Pusch2001,
  author    = {Claus D. Pusch},
  title     = {{{Ikonizität}}},
  booktitle = {\textit{Handbücher zur Sprach- und Kommunikationswissenschaft. Sprachtypologie und Universalienforschung/ Language Typology and Language Universals}},
  publisher = {de Gruyter},
  year      = {2001},
  editor    = {Martin Haspelmath},
  volume    = {20/1},
  pages     = {369–384},
  address   = {Berlin and New York},
}

@Article{Ramachandran2001,
  author  = {Vilayanur S. Ramachandran and Edward M. Hubbard},
  title   = {Synaesthesia. A window into perception, thought and language},
  journal = {\textit{Journal of Consciousness Studies}},
  year    = {2001},
  volume  = {8/12},
  pages   = {3–34},
}

@Article{Rath1975,
  author  = {Rainer Rath},
  title   = {{{\textit{Doch} – eine Studie zur Syntax und zur kommunikativen Leistung einer Partikel}}},
  journal = {\textit{Deutsche Sprache}},
  year    = {1975},
  volume  = {3},
  pages   = {222–242},
}

@Article{Ravetto2009,
  author  = {Miriam Ravetto},
  title   = {{{Pseudorelativsätze vs. Relativsätze im Frühneuhochdeutschen und im Neuhochdeutschen: Syntax, Semantik und kommunikative Funktion}}},
  journal = {\textit{L’analisi linguistica e letteraria}},
  year    = {2009},
  volume  = {2},
  pages   = {351–372},
}

@Book{Rehbein1977,
  title     = {\textit{Komplexes Handeln. Elemente zur Handlungstheorie der Sprache}},
  publisher = {Metzler},
  year      = {1977},
  author    = {Jochen Rehbein},
  address   = {Stuttgart},
}

@InCollection{Rehbock1992,
  author    = {Helmut Rehbock},
  title     = {{{Deklarativsatzmodus, rhetorische Modi und Illokutionen}}},
  booktitle = {\textit{Satz und Illokution}},
  publisher = {Niemeyer},
  year      = {1992},
  editor    = {Inger Rosengren},
  volume    = {1},
  pages     = {91–171},
  address   = {Tübingen},
}

@Book{Reiners1943,
  title     = {\textit{Stilkunst. Ein Lehrbuch deutscher Prosa}},
  publisher = {Beck},
  year      = {1943/61},
  author    = {Ludwig Reiners},
  address   = {München},
}

@Article{Reinhart1981,
  author  = {Tanya Reinhart},
  title   = {Pragmatics and linguistics: An analysis of sentence topics},
  journal = {\textit{Philosophica}},
  year    = {1981},
  volume  = {27},
  pages   = {53–94},
}

@InCollection{Reis1993,
  author    = {Marga Reis},
  title     = {{{Satzfügung und kommunikative Gewichtung. Zur Grammatik und Pragmatik von Neben- vs. Unterordnung am Beispiel ‚implikativer‘ \textit{und}-Konstruktionen im Deutschen}}},
  booktitle = {\textit{Wortstellung und Informationsstruktur}},
  publisher = {Niemeyer},
  year      = {1993},
  editor    = {Marga Reis},
  pages     = {203–249},
  address   = {Tübingen},
}

@InCollection{Reis1997,
  author    = {Marga Reis},
  title     = {{{Zum syntaktischen Status unselbständiger Verbzweit-Sätze}}},
  booktitle = {\textit{Sprache im Fokus. Festschrift für Heinz Vater zum 65. Geburtstag}},
  publisher = {Niemeyer},
  year      = {1997},
  editor    = {Christa Dürscheid and Karl-Heinz Ramers and Monika Schwarz},
  pages     = {121–144},
  address   = {Tübingen},
}

@InCollection{Reis2000,
  author    = {Marga Reis},
  title     = {{{Anmerkungen zu Verb-erst-Satz-Typen im Deutschen}}},
  booktitle = {\textit{Deutsche Grammatik in Theorie und Praxis}},
  publisher = {Niemeyer},
  year      = {2000},
  editor    = {Rolf Thieroff and Matthias Tamrat and Nanna Fuhrhop and Oliver Teuber},
  pages     = {215–227},
  address   = {Tübingen},
}

@Article{Reis1992,
  author  = {Marga Reis and Inger Rosengren},
  title   = {What do wh-imperatives tell us about wh-movement?},
  journal = {\textit{Natural Language and Linguistic Theory}},
  year    = {1992},
  volume  = {10},
  pages   = {79–118},
}

@Article{Reiter1980,
  author  = {Norbert Reiter},
  title   = {{{Die Perfidie des deutschen \textit{ja}}}},
  journal = {\textit{Deutsche Sprache}},
  year    = {1980},
  volume  = {4},
  pages   = {342–355},
}

@InCollection{Repp2013,
  author    = {Sophie Repp},
  title     = {Common ground management: modal particles, illocutionary negation and \textit{verum}},
  booktitle = {\textit{Expressives and Beyond. Explorations of Conventional Non-Truth-Conditional Meaning}},
  publisher = {Oxford University Press},
  year      = {2013},
  editor    = {Daniel Gutzmann and Hans-Martin Gärtner},
  pages     = {231–274},
  address   = {Oxford},
}

@Book{Rinas2006,
  title     = {\textit{Die Abtönungspartikeln ‚doch‘ und ‚ja‘. Semantik, Idiomatisierung, Kombinationen, tschechische Äquivalente}},
  publisher = {Peter Lang},
  year      = {2006},
  author    = {Karsten Rinas},
  address   = {Frankfurt a. M.},
}

@Article{Rinas2007,
  author  = {Karsten Rinas},
  title   = {{{Abtönungspartikel-Kombinationen und Skopus}}},
  journal = {\textit{Sprachwissenschaft}},
  year    = {2007},
  volume  = {32/4},
  pages   = {407–452},
}

@InCollection{Roberts1996,
  author    = {Craige Roberts},
  title     = {Information structure: Towards an integrated formal theory of pragmatics},
  booktitle = {\textit{Ohio State University Working Papers in Linguistics 49: Papers in Semantics}},
  year      = {1996},
  editor    = {Jae Hak Yoon and Andreas Kathol},
  url       = {http://semprag.org/article/view/sp.5.6/pdf},
}

@InCollection{Roberts2004,
  author    = {Craige Roberts},
  title     = {Context in dynamic interpretation},
  booktitle = {\textit{Handbook of Contemporary Pragmatic Theory}},
  publisher = {Blackwell},
  year      = {2004},
  editor    = {Laurence Horn and Gergory Ward},
  pages     = {197–220},
  address   = {Malden, Massachussetts},
}

@Book{Rolf1997,
  title     = {\textit{Illokutionäre Kräfte. Grundbegriffe der Illokutionslogik}},
  publisher = {Westdeutscher Verlag},
  year      = {1997},
  author    = {Eckard Rolf},
  address   = {Opladen},
}

@InCollection{Roncador1977,
  author    = {Manfred von Roncador},
  title     = {{{Zur Linguistik der intensivierenden Ausrufe}}},
  booktitle = {\textit{Semantik und Pragmatik. Akten des 11. Linguistischen Kolloquiums Aachen 1976}},
  publisher = {Niemeyer},
  year      = {1977},
  editor    = {Konrad Sprengel and Wolf-Dietrich Bald and Heinz Werner Viethen},
  volume    = {2},
  pages     = {103–114},
  address   = {Tübingen},
}

@InCollection{Rosengren1987,
  author    = {Inger Rosengren},
  title     = {{{Begründungen und Folgerungen als sprachliche Handlungen}}},
  booktitle = {\textit{Satz, Text, sprachliche Handlung}},
  publisher = {Akademie-Verlag},
  year      = {1987},
  editor    = {Wolfgang Motsch},
  pages     = {179–197},
  address   = {Berlin},
}

@InCollection{Rosengren1992,
  author    = {Inger Rosengren},
  title     = {{{Zur Grammatik und Pragmatik der Exklamation}}},
  booktitle = {\textit{Satz und Illokution}},
  publisher = {Niemeyer},
  year      = {1992},
  editor    = {Inger Rosengren},
  volume    = {1},
  pages     = {263–306},
  address   = {Tübingen},
}

@InCollection{Rosengren1997,
  author    = {Inger Rosengren},
  title     = {Expressive sentence types – a contradiction in terms. {The} case of exclamation},
  booktitle = {\textit{Modality in Germanic Languages: Historical and Comparative Perspectives}},
  publisher = {Mouton de Gruyter},
  year      = {1997},
  editor    = {Toril Swan and Olaf Jansen Westvik},
  pages     = {151–184},
  address   = {Berlin},
}

@InCollection{Rost-Roth1999,
  author    = {Martina Rost-Roth},
  title     = {{{Der Erwerb der Modalpartikeln. Eine Fallstudie zum Partikelerwerb einer italienischen Deutschlernerin mit Vergleichen zu anderen Lernervarietäten}}},
  booktitle = {\textit{Grammatik und Diskurs/Grammatica e discorso. Studi sull'acquisizione dell'italiano e del tedesco/Studien zum Erwerb des Deutschen und des Italienischen}},
  publisher = {Stauffenburg},
  year      = {1999},
  editor    = {Norbert Dittmar and Anna Giacalone Ramat},
  pages     = {165–209},
  address   = {Tübingen},
}

@InCollection{Rost-Roth1998,
  author    = {Martina Rost-Roth},
  title     = {{{Modalpartikeln in Argumentationen und Handlungs\-vorschlägen}}},
  booktitle = {\textit{Particulae Particularum. Festschrift für Harald Weydt}},
  publisher = {Stauffenburg},
  year      = {1998},
  editor    = {Elke Hentschel and Harald Weydt},
  pages     = {293–324},
  address   = {Tübingen},
}

@Book{Rothweiler1993,
  title     = {\textit{Der Erwerb von Nebensätzen im Deutschen}},
  publisher = {Niemeyer},
  year      = {1993},
  author    = {Monika Rothweiler},
  address   = {Tübingen},
}

@InCollection{Rudolph1983,
  author    = {Elisabeth Rudolph},
  title     = {{{Partikel-Kombinationen in Alltagsgesprächen}}},
  booktitle = {\textit{Partikeln und Interaktion}},
  publisher = {Niemeyer},
  year      = {1983},
  editor    = {Harald Weydt},
  pages     = {54–68},
  address   = {Tübingen},
}

@Article{Rutherford1970,
  author  = {William E. Rutherford},
  title   = {Some observations concerning subordinate clauses in {English}},
  journal = {\textit{Language}},
  year    = {1970},
  volume  = {46},
  pages   = {97–115},
}

@Article{Sanders1992,
  author  = {Ted Sanders and Wilbert Spooren and Leo Noordman},
  title   = {Towards a taxonomy of coherence relations},
  journal = {\textit{Discourse Processes}},
  year    = {1992},
  volume  = {15},
  pages   = {1–35},
}

@Book{Sanders1883,
  title     = {\textit{Satzbau und Wortfolge in der deutschen Sprache}},
  publisher = {Abenheim’sche Buchhandlung},
  year      = {1883},
  author    = {Daniel Sanders},
  address   = {Berlin},
}

@InCollection{Sasse1995,
  author    = {Hans-Jürgen Sasse},
  title     = {Theticity and {VS} order: A case study},
  booktitle = {\textit{Verb-Subject Order in European Languages}},
  publisher = {Akademie-Verlag},
  year      = {1995},
  editor    = {Yaron Matras and Hans-Jürgen Sasse},
  pages     = {1–29},
  address   = {Berlin},
}

@Article{Schachter1973,
  author  = {Paul Schachter},
  title   = {Focus and Relativization},
  journal = {\textit{Language}},
  year    = {1973},
  volume  = {49},
  pages   = {19–46},
}

@Article{Schaffranietz1997,
  author  = {Brigitte Schaffranietz},
  title   = {{{Zur Unterscheidung und Funktion von restriktiven und appositiven Relativsätzen des Deutschen}}},
  journal = {\textit{Linguistische Berichte}},
  year    = {1997},
  volume  = {169},
  pages   = {181–195},
}

@Book{Schindler1990,
  title     = {\textit{Untersuchungen zur Grammatik appositionsverdächtiger Einheiten im Deutschen}},
  publisher = {Niemeyer},
  year      = {1990},
  author    = {Wolfgang Schindler},
  address   = {Tübingen},
}

@InCollection{Scheutz2009,
  author    = {Hannes Scheutz},
  title     = {{{Wie ,,narrativ" sind Verb-Erst-Deklarativsätze im Deutschen?}}},
  booktitle = {\textit{Gesprochen – Geschrieben – Gedichtet. Variation und Transformation von Sprache}},
  publisher = {Erich Schmidt Verlag},
  year      = {2009},
  editor    = {Monika Dannerer and Peter Mauser and Hannes Scheutz and Andreas E. Weiss.},
  pages     = {240–251},
  address   = {Berlin},
}

@InCollection{Schlieben-Lange1979,
  author    = {Brigitte Schlieben-Lange},
  title     = {{{Bairisch \textit{eh – halt – fei}}}},
  booktitle = {\textit{Die Partikeln der deutschen Sprache}},
  publisher = {de Gruyter},
  year      = {1979},
  editor    = {Harald Weydt},
  pages     = {307–313},
  address   = {Berlin},
}

@Book{Schlueter2005,
  title     = {\textit{Rhythmic Grammar}},
  publisher = {de Gruyter},
  year      = {2005},
  author    = {Julia Schlüter},
  address   = {Berlin},
}

@Book{Schmidhauser1995,
  title     = {\textit{Kausalität als linguistische Kategorie: Mittel und Möglichkeiten für Begründungen}},
  publisher = {Niemeyer},
  year      = {1995},
  author    = {Beda Schmidhauser},
  address   = {Tübingen},
}

@Article{Schmidt2013,
  author = {Thomas Schmidt and Sylvia Dickgießer and Joachim Gasch},
  title  = {{{Die Datenbank für Gesprochenes Deutsch – DGD2}}},
  year   = {2013},
  url    = {https://ids-pub.bsz-bw.de/frontdoor/index/index/docId/1274},
}

@Article{Schubiger1965,
  author  = {Maria Schubiger},
  title   = {English intonation and {German} modal particles: A comparative study},
  journal = {\textit{Phonetica}},
  year    = {1965},
  volume  = {12},
  pages   = {65–84},
}

@InCollection{Schubiger1977,
  author    = {Maria Schubiger},
  title     = {English intonation and {German} modal particles: A comparative study},
  booktitle = {\textit{Intonation. Selected Readings}},
  publisher = {Penguin},
  year      = {1977},
  editor    = {Dwight L. Bolinger},
  pages     = {175–193},
  address   = {Harmondsworth},
}

@InCollection{Schwitalla2002,
  author    = {Johannes Schwitalla},
  title     = {{{Kleine Wörter. Partikeln im Gespräch}}},
  booktitle = {\textit{Über Wörter. Grundkurs Linguistik}},
  publisher = {Rombach},
  year      = {2002},
  editor    = {Jürgen Ditt\-mann and Claudia Schmidt},
  pages     = {259–281},
  address   = {Freiburg},
}

@Book{Searle1969,
  title     = {\textit{Speech Acts. An Essay in the Philosophy of Language}},
  publisher = {Cambridge University Press},
  year      = {1969},
  author    = {John R. Searle},
  address   = {Cambridge},
}

@Book{Searle1971,
  title     = {\textit{Sprechakte. Ein sprachphilosophischer Essay}},
  publisher = {Suhrkamp},
  year      = {1971},
  author    = {John R. Searle},
  address   = {Frankfurt a. M.},
}

@InCollection{Sgall1974,
  author    = {Petr Sgall},
  title     = {{{Zur Stellung der Thema-Rhema-Gliederung in der Sprachbeschreibung}}},
  booktitle = {\textit{Papers on Functional Sentence Perspective}},
  publisher = {Academia/Mouton},
  year      = {1974},
  editor    = {František Daneš},
  pages     = {54–74},
  address   = {Prague/Den Haag and Paris},
}

@InCollection{Simone1995,
  author    = {Raffaele Simone},
  title     = {Iconic aspects of syntax: A pragmatic approach},
  booktitle = {\textit{Iconicity in Language}},
  publisher = {Benjamnis},
  year      = {1995},
  editor    = {Raffaele Simone},
  pages     = {153–169},
  address   = {Amsterdam and Philadelphia},
}

@Article{Speyer2009,
  author  = {Augustin Speyer},
  title   = {{{Das Vorfeldranking und das Vorfeld-\textit{es}}}},
  journal = {\textit{Linguistische Berichte}},
  year    = {2009},
  volume  = {219},
  pages   = {323–353},
}

@Book{Spoerl2004,
  title     = {\textit{Basislexikon Literaturwissenschaft}},
  publisher = {Schöningh},
  year      = {2004},
  author    = {Uwe Spörl},
  address   = {Paderborn and Wien and München and Zürich},
}

@Article{Staffeldt1987,
  author  = {Fred Staffeldt},
  title   = {{{Über syntaktische Derivation und semantische Interpretation freier relativischer Konstruktionen}}},
  journal = {\textit{Linguistische Arbeitsberichte, Leipzig}},
  year    = {1987},
  volume  = {64},
  pages   = {43–55},
}

@InCollection{Stalnaker1978,
  author    = {Robert Stalnaker},
  title     = {Assertion},
  booktitle = {\textit{Syntax and Semantics 9: Pragmatics}},
  publisher = {Academic Press},
  year      = {1978},
  editor    = {Peter Cole},
  pages     = {315–332},
  address   = {New York},
}

@Article{Stalnaker2002,
  author  = {Robert Stalnaker},
  title   = {Common Ground},
  journal = {\textit{Linguistics and Philosophy}},
  year    = {2002},
  volume  = {25},
  pages   = {701–721},
}

@Book{Stenstad1917,
  title     = {\textit{Untersuchungen über die deutsche Wortstellung}},
  publisher = {H. Aschehoug \& Co.},
  year      = {1917},
  author    = {Rudolf Stenstad},
  address   = {Kristiania},
}

@Article{Struckmeier2014,
  author  = {Volker Struckmeier},
  title   = {{{Ja doch wohl C? Modal Particles in German as C-related elements}}},
  journal = {\textit{Studia Linguistica}},
  year    = {2014},
  volume  = {68},
  pages   = {16–48},
}

@InCollection{Tai1985,
  author    = {James H.-Y. Tai},
  title     = {Temporal sequence and {Chinese} word order},
  booktitle = {\textit{Iconicity in Syntax}},
  publisher = {Benjamins},
  year      = {1985},
  editor    = {John Haiman},
  pages     = {49–72},
  address   = {Amsterdam and Philadelphia},
}

@Book{Thurmair1989,
  title     = {\textit{Modalpartikeln und ihre Kombinationen}},
  publisher = {Niemeyer},
  year      = {1989},
  author    = {Maria Thurmair},
  address   = {Tübingen},
}

@Article{Thurmair1991,
  author  = {Maria Thurmair},
  title   = {\textit{Kombinieren Sie doch nur ruhig auch mal Modalpartikeln!}: Combinatorial regularities for modal particles and their use as an instrument of analysis},
  journal = {\textit{Multilingua}},
  year    = {1991},
  volume  = {10 (1/2)},
  pages   = {19–42},
}

@InCollection{Thurmair2013,
  author    = {Maria Thurmair},
  title     = {{{Satztyp und Modalpartikeln}}},
  booktitle = {\textit{Satztypen des Deutschen}},
  publisher = {de Gruyter},
  year      = {2013},
  editor    = {Jörg Meibauer and Markus Steinbach and Hans Altmann},
  pages     = {627–651},
  address   = {Berlin and New York},
}

@InCollection{Troemel-Ploetz1979,
  author    = {Senta Trömel-Plötz},
  title     = {{{Männer sind eben so: Eine linguistische Beschreibung von Modalpartikeln aufgezeigt an der Analyse von dt. \textit{eben} und engl. \textit{just}}}},
  booktitle = {\textit{Die Partikeln der deutschen Sprache}},
  publisher = {de Gruyter},
  year      = {1979},
  editor    = {Harald Weydt},
  pages     = {318–334},
  address   = {Berlin and New York},
}

@Book{Trost2006,
  title     = {\textit{Das deutsche Adjektiv}},
  publisher = {Buske},
  year      = {2006},
  author    = {Igor Trost},
  address   = {Hamburg},
}

@Book{Valgard1971,
  title   = {\textit{Zur gespaltenen Konstruktion (the “Cleft Sentence” Construction) im Deutschen}},
  year    = {1971},
  author  = {Jorunn Valgard},
  address = {Oslo},
}

@Book{Dale1992,
  title     = {\textit{Woordenboek der Nederlandse Taal}},
  publisher = {Van Dale Lexicografie},
  year      = {1992},
  author    = {Johan Hendrik Van Dale},
  address   = {Utrecht},
}

@InCollection{Vennemann1982,
  author    = {Theo Vennemann},
  title     = {{{Zur Silbenstruktur der deutschen Standardsprache}}},
  booktitle = {\textit{Silben, Segmente, Akzente: Referate zur Wort-, Satz- und Versphonologie anläßlich der vierten Jahrestagung der Deutschen Gesellschaft für Sprachwissenschaft, Köln, 2.-4. März, 1982}},
  publisher = {Niemeyer},
  year      = {1982},
  editor    = {Theo Vennemann},
  pages     = {261–305},
  address   = {Tübingen},
}

@Book{Verheyen2010,
  title     = {\textit{Precies!: Lern- und Übungsgrammatik Niederländisch}},
  publisher = {Buske},
  year      = {2010},
  author    = {Rob Verheyen},
  address   = {Hamburg},
}

@Book{Verschueren2003,
  title     = {\textit{Understanding Pragmatics}},
  publisher = {Hodder \& Stoughton},
  year      = {2003},
  author    = {Jef Verschueren},
  address   = {London},
}

@Article{Vismans1992,
  author  = {Roel Vismans},
  title   = {Towards an explanation of {Dutch} modal particles},
  journal = {\textit{Dutch Crossing}},
  year    = {1992},
  volume  = {47},
  pages   = {69–86},
}

@Book{Vismans1994,
  title     = {\textit{Modal Particles in Dutch Directives: A Study in Functional Grammar}},
  publisher = {IFOTT},
  year      = {1994},
  author    = {Roel Vismans},
  address   = {Amsterdam},
}

@InCollection{Vismans1996,
  author    = {Roel Vismans},
  title     = {Functional Grammar and historical evidence in modal particle research},
  booktitle = {\textit{Complex Structures: a Functionalist Perspective}},
  publisher = {Mouton de Gruyter},
  year      = {1996},
  editor    = {Betty Devriendt and Lois Goossens and Johan Van der Auwera},
  pages     = {303–324},
  address   = {Berlin},
}

@InCollection{Vogel1995,
  author    = {Irene Vogel and Timothy Bunnell and Steven Hoskins},
  title     = {The phonology and phonetics of the rhythm rule},
  booktitle = {\textit{Papers in Laboratory Phonology IV: Phonolgy and Phonetic Evidence}},
  publisher = {Cambridge University Press},
  year      = {1995},
  editor    = {Bruce Connell and Amalia Arvaniti},
  pages     = {111–127},
  address   = {Cambridge},
}

@Article{Volmert1991,
  author  = {Johannes Volmert},
  title   = {{{Die Modalpartikeln des Deutschen als pragmatische Indikatoren. Zur Typologie DOCH-haltiger Äußerungshandlungen}}},
  journal = {\textit{Forschungen zur deutschen Sprache und Literatur (Katowice)}},
  year    = {1991},
  volume  = {1226},
  pages   = {7–29},
}

@InCollection{Volodina2010,
  author    = {Anna Volodina},
  title     = {{{Sprechaktbezogene Kausalität}}},
  booktitle = {\textit{Sprache und Kognition: Traditionelle und neue Ansätze. Akten des 40. Linguistischen Kolloquiums in Moskau 2005}},
  publisher = {Peter Lang},
  year      = {2010},
  editor    = {Olga Souleimanova},
  pages     = {309–321},
  address   = {Frankfurt a. M.},
}

@Article{Wagner2002,
  author  = {Petra Wagner and Eva Fischenbeck},
  title   = {Stress perception and production in {German} stress clash environments},
  journal = {\textit{Proceedings of Speech Prosody 2002}},
  year    = {2002},
  url     = {https://pub.uni-bielefeld.de/publication/1917021},
}

@Article{Walker1996,
  author  = {Marilyn A. Walker},
  title   = {Inferring acceptance and rejection in dialogue by default rules of inference},
  journal = {\textit{Language and Speech}},
  year    = {1996},
  volume  = {39},
  pages   = {265–304},
}

@Book{Waltereit2006,
  title     = {\textit{Abtönung. Zur Pragmatik und historischen Semantik von Modalpartikeln und ihren funktionalen Äquivalenten in romanischen Sprachen}},
  publisher = {Niemeyer},
  year      = {2006},
  author    = {Richard Waltereit},
  address   = {Tübingen},
}

@PhdThesis{Ward1985,
  author = {Gregory Louis Ward},
  title  = {\textit{The Semantics and Pragmatics of Preposing}},
  school = {University of Pennsylvania},
  year   = {1985},
}

@Article{Wegener1993,
  author  = {Heide Wegener},
  title   = {{{weil – das hat schon seinen Grund. Zur Verbstellung in Kausalsätzen mit weil im gegenwärtigen Deutsch}}},
  journal = {\textit{Deutsche Sprache}},
  year    = {1993},
  volume  = {21},
  pages   = {289–305},
}

@InCollection{Wegener2002,
  author    = {Heide Wegener},
  title     = {The evolution of the {German} modal particle \textit{denn}},
  booktitle = {\textit{New Reflections on Grammaticalization. International Symposium, Potsdam, 17-19 June, 1999}},
  publisher = {Benjamins},
  year      = {2002},
  editor    = {Gabriele Diewald and Ilse Wischer},
  pages     = {379–394},
  address   = {Amsterdam},
}

@Article{Weinert1996,
  author  = {Regina Weinert and Jim Miller},
  title   = {Cleft constructions in spoken language},
  journal = {\textit{Journal of Pragmatics}},
  year    = {1996},
  volume  = {25},
  pages   = {173–206},
}

@Article{Weinert2004,
  author  = {Regina Weinert},
  title   = {Relative clauses in spoken {English} and {German} their structure and function},
  journal = {\textit{Linguistische Berichte}},
  year    = {2004},
  volume  = {197},
  pages   = {3–51},
}

@Book{Weinrich2005[1993],
  title     = {\textit{Textgrammatik der deutschen Sprache}},
  publisher = {Olms},
  year      = {2005 [1993]},
  author    = {Harald Weinrich},
  address   = {Hildesheim},
  edition   = {3},
}

@Book{Weydt1969,
  title     = {\textit{Abtönungspartikel. Die deutschen Modalwörter und ihre französischen Entsprechungen}},
  publisher = {Gehlen},
  year      = {1969},
  author    = {Harald Weydt},
  address   = {Bad Homburg v. d. H},
}

@Book{Weydt1977,
  title     = {\textit{Aspekte der Modalpartikeln. Studien zur deutschen Abtönung}},
  publisher = {Niemeyer},
  year      = {1977},
  author    = {Harald Weydt},
  address   = {Tübingen},
}

@Book{Weydt1979,
  title     = {\textit{Die Partikeln der deutschen Sprache}},
  publisher = {de Gruyter},
  year      = {1979},
  author    = {Harald Weydt},
  address   = {Berlin},
}

@Book{Weydt1986,
  title     = {\textit{Sprechen mit Partikeln}},
  publisher = {de Gruyter},
  year      = {1986},
  author    = {Harald Weydt},
  address   = {Berlin and New York},
}

@InCollection{Weydt1983b,
  author    = {Harald Weydt and Elke Hentschel},
  title     = {{{Kleines Abtönungswörterbuch}}},
  booktitle = {\textit{Partikeln und Interaktion}},
  publisher = {Niemeyer},
  year      = {1983},
  editor    = {Harald Weydt},
  pages     = {3–24},
  address   = {Tübingen},
}

@Book{Willkop1988,
  title     = {\textit{Gliederungspartikeln im Dialog}},
  publisher = {Iudicum},
  year      = {1988},
  author    = {Eva-Maria Willkop},
  address   = {München},
}

@Article{Winkler1992,
  author  = {Edeltraud Winkler},
  title   = {{{Modalpartikeln in selbständig verwendeten Verbendsätzen}}},
  journal = {\textit{Zeitschrift für Phonetik, Sprachwissenschaft und Kommunikationsforschung}},
  year    = {1992},
  volume  = {45/1},
  pages   = {30–48},
}

@Article{Wurmbrandt2008,
  author  = {Susi Wurmbrandt},
  title   = {Word order and scope in {German}},
  journal = {\textit{Groninger Arbeiten zur germanistischen Linguistik}},
  year    = {2008},
  volume  = {46},
  pages   = {89–110},
}

@InCollection{Zaefferer1983,
  author    = {Dietmar Zaefferer},
  title     = {The semantics of non-declaratives: Investigating {German} exclamatories},
  booktitle = {\textit{Meaning, Use, and Interpretation of Language}},
  publisher = {de Gruyter},
  year      = {1983},
  editor    = {Rainer Bäuerle and Christoph Schwarze and Arnim von Stechow},
  pages     = {466–490},
  address   = {Berlin},
}

@InCollection{Zaefferer1988,
  author    = {Dietmar Zaefferer},
  title     = {{{Satzmodi als Satzformkategorien. Zur Analyse grammatischer Faktoren in der Satzmodusbestimmung}}},
  booktitle = {\textit{Studien zum Satzmodus II. (Papers from the Round Table Sentence Mood and Modularity at the XIVth International Congress of Linguistics, Berlin 1987)}},
  publisher = {Akademie der Wissenschaften der DDR, Zentralinstitut für Sprachwissenschaft},
  year      = {1988},
  editor    = {Werner Bahner and Joachim Schildt and Dieter Viehweger and Werner Neumann and Bärbel Techtmeier and Wolfgang Ullrich Wurzel},
  pages     = {139–163},
  address   = {Berlin},
}

@Book{Zifonun1997,
  title     = {\textit{Grammatik der deutschen Sprache}},
  publisher = {de Gruyter},
  year      = {1997},
  author    = {Gisela Zifonun and Ludger Hoffmann and Bruno Strecker},
  volume    = {1-3},
  address   = {Berlin},
}

@Book{Zifonun2001,
  title     = {\textit{Grammatik des Deutschen im europäischen Vergleich. Der Relativsatz}},
  publisher = {Institut für Deutsche Sprache},
  year      = {2001},
  author    = {Gisela Zifonun},
  address   = {Mannheim},
}

@InCollection{Zimmermann2011,
  author    = {Malte Zimmermann},
  title     = {Discourse particles},
  booktitle = {\textit{Handbücher zur Sprach- und Kommunikationswissenschaft. Semantics}},
  publisher = {de Gruyter},
  year      = {2011},
  editor    = {Klaus von Heusinger, Claudia Maienborn and Paul Portner},
  volume    = {33/2},
  pages     = {2011–2038},
  address   = {Berlin and New York},
}

@Book{Castillo2011,
  title     = {\textit{Blutige Stille}},
  publisher = {S. Fischer},
  year      = {2011},
  author    = {Linda Castillo},
  address   = {Frankfurt},
}

@Book{Falk2010,
  title     = {\textit{Winter-Kartoffel-Knödel. Ein Provinzkrimi}},
  publisher = {dtv},
  year      = {2010},
  author    = {Rita Falk},
  address   = {München},
}

@Book{Glauche2014,
  title     = {\textit{Endstation Siegfriedplatz}},
  publisher = {Pendragon},
  year      = {2014},
  author    = {Lisa Glauche and Matthias Löwe},
  address   = {Bielefeld},
}

@Book{Horst2011,
  title     = {\textit{Splitter im Auge}},
  publisher = {Goldmann},
  year      = {2011},
  author    = {Norbert Horst},
  address   = {München},
}

@Book{Kluepfel2012,
  title     = {\textit{Erntedank}},
  publisher = {Piper},
  year      = {2012},
  author    = {Volker Klüpfel and Michael Kobr},
  address   = {München},
}

@Book{Lane2014,
  title     = {\textit{Der Tod liegt in der Luft}},
  publisher = {S. Fischer},
  year      = {2014},
  author    = {Andrew Lane},
  address   = {Frankfurt a. M.},
}

@PhdThesis{Clemen1998,
  author  = {Gudrun Clemen},
  title   = {\textit{Hecken in deutschen und englischen Texten der Wirtschaftskommunikation: Eine kontrastive Analyse}},
  school  = {Universität Siegen},
  year    = {1998},
  address = {Siegen},
  url     = {http://www.ub.uni-siegen.de/pub/diss/fb3/1999/clemen/clemen.pdf},
}

@Article{Potts2003,
  author  = {Christopher Potts},
  title   = {Keeping world and will apart: A discourse-based semantics for imperatives},
  journal = {\textit{Talk delivered at the NYU Syntax/Semantics Lecture Series, October 17, 2003}},
  year    = {2003},
}

@InCollection{Schaefer2012,
  author    = {Roland Schäfer and Felix Bildhauer},
  title     = {Building large corpora from the web using a new efficient tool chain},
  booktitle = {\textit{Proceedings of the Eighth International Conference on Language Resources and Evaluation (LREC’12)}},
  year      = {2012},
  editor    = {Nicoletta Calzolari and Khalid Choukri and Thierry Declerck and Mehmet Uğur Doğan and Bente Maegaard and Joseph Mariani and Asuncion Moreno and Jan Odijk and Stelios Piperidis.},
  pages     = {486–493},
  url       = {http://rolandschaefer.net/?p=70},
}

@InCollection{Mueller2016a,
  author    = {Sonja Müller},
  title     = {{Normalität im Diskurs - Implikationsverstärkung in (\textit{halt eben}-/\textit{eben halt}-)Assertionen}},
  booktitle = {\textit{Normalität in der Sprache}},
  year      = {2016a},
  editor    = {Horst Lohnstein and Franz d'Avis},
  series    = {Sonderheft Linguistische Berichte},
  pages     = {145-180},
}

@Article{Wurmbrandt2012,
  author  = {Susi Wurmbrandt and Jonathan Bobaljik},
  title   = {Word order and scope: Transparent interfaces and the 3/4 signature},
  journal = {Linguistic Inquiry},
  year    = {2012},
  volume  = {43/3},
  pages   = {371-421},
}

@Article{MuellerimDruck,
  author  = {Sonja Müller},
  title   = {{Kausale}/konzessive {Verberst}- und \textit{{Wo}}-{Verbletztsätze}},
  journal = {Deutsche Sprache},
  year    = {im Druck},
}

@InCollection{Mueller2017b,
  author    = {Sonja Müller},
  title     = {Combining \textit{ja} and \textit{doch}: a case of discourse structural iconi\-city},
  booktitle = {{Discourse Particles. Formal Approaches to their Syntax and Semantics}},
  publisher = {de Gruyter},
  year      = {2017b},
  editor    = {Volker Struckmeier and Josef Beyer},
  pages     = {203-240},
}

@PhdThesis{Kwon2005,
  author = {Min-Jae Kwon},
  title  = {{Modalpartikeln und Satzmodus. Untersuchungen zur Syntax, Semantik und Pragmatik der deutschen Modalpartikeln}},
  school = {Ludwig-Maximilians-Universität München},
  year   = {2005},
}

@Book{Weydt1983a,
  title     = {\textit{Partikeln und {Interaktion}}},
  publisher = {Niemeyer},
  year      = {1983},
  editor    = {Harald Weydt},
  address   = {Tübingen},
}

@InCollection{Bluehdorn2006,
  author    = {Hardarik Blühdorn},
  title     = {{Kausale Satzverknüpfungen im Deutschen}},
  booktitle = {{Pandaemonium Germanicum. Revista de Estudos Germanísticos 10, São Paulo, FFLCH-USP}},
  year      = {2006},
  pages     = {253–282},
}

@Book{Eichhoff1977,
  title     = {\textit{Wortatlas der deutschen Umgangssprachen}},
  publisher = {Francke},
  year      = {1977},
  author    = {Jürgen Eichhoff},
  volume    = {1},
  address   = {Bern},
}

@Article{Mueller2016b,
  author  = {Sonja Müller},
  title   = {\textit{Halt eben} vs. \textit{eben halt} – {Dialekt, Satzmodus, Rhythmus oder Interpretation?}},
  journal = {Sprachwissenschaft},
  year    = {2016b},
  volume  = {41/2},
  pages   = {139-184},
}

@InCollection{Mueller2017a,
  author    = {Sonja Müller},
  title     = {Redundancy effects in discourse: On the modal particle combinations \textit{halt eben} and \textit{eben halt} in {German}},
  booktitle = {\textit{Pragmatics at its Interfaces}},
  publisher = {de Gruyter},
  year      = {2017a},
  pages     = {225-254},
  address   = {Berlin and Boston},
}

@Book{Castillo2012,
  title     = {{Wenn die Nacht verstummt}},
  publisher = {S. Fischer},
  year      = {2012},
  author    = {Linda Castillo},
  address   = {Frankfurt},
}

@Comment{jabref-meta: databaseType:bibtex;}
